2859 4700
1467 161 1589 249 90

440 361 785 439 omnium
801 361 1272 454 superiorum
1293 378 1723 435 commenta
1739 363 2003 434 afferre
2023 363 2346 459 longum
2367 380 2446 437 et
2460 367 2632 440 inu·

433 483 567 553 tile
602 484 838 567 foret,
917 505 1086 573 quae
1137 485 1269 574 qui
1325 506 1776 579 cognoscere
1823 485 2112 576 cupiat,
2171 487 2617 560 Oudendor-

432 605 690 697 pium,
764 604 1249 692 Oberlinum,
1318 605 1735 677 Daehnium
1787 605 2046 690 adeat3
2141 631 2229 678 ea
2282 626 2621 681 tantum·

431 726 703 813 modo,
756 746 924 816 quoe
956 722 1149 799 mihi
1184 729 1473 799 veritati
1504 728 1838 821 proxima
1876 750 2036 798 esse
2076 731 2458 821 videntur,
2513 735 2624 805 af-

432 851 699 922 feram.
1191 861 1198 871 '
1877 862 1886 869 ’
2677 848 2682 855 ’

698 971 795 1041 Et
844 969 1176 1065 primum
1225 971 1539 1062 quidem
1586 993 1683 1041 ex
1741 973 2141 1062 omnibuS,
2209 974 2341 1065 qui
2405 974 2620 1045 hunc

428 1093 688 1163 locum
721 1106 1180 1183 tractarunt,
1237 1095 1374 1165 soli
1426 1093 1922 1166 Rhellicanus
1968 1112 2046 1166 et
2085 1116 2176 1164 ex
2213 1110 2419 1186 parte
2463 1096 2612 1163 sal-

426 1230 587 1283 tem
622 1196 1100 1286 Hotomanus
1151 1217 1614 1287 intellexisse
1660 1216 2050 1309 videntur,
2142 1239 2308 1306 quae
2362 1237 2607 1288 corru-

423 1335 771 1429 ptionum
827 1340 1040 1435 origo
1076 1341 1212 1414 sitt
1264 1340 1508 1410 locum
1538 1318 1901 1410 nimirum
1942 1340 2275 1411 hiatibus
2322 1337 2620 1431 plenum

427 1481 604 1534 esse.
759 1461 1051 1550 Ceteri,
1141 1463 1351 1551 quasi
1417 1462 1620 1531 nihil
1667 1462 1902 1554 desit,
1987 1460 2216 1530 verba
2286 1472 2626 1528 tantum-

425 1580 655 1650 modo
688 1581 1091 1648 emendare
1126 1593 1520 1663 conantur,
1539 1602 1688 1667 quo
1711 1582 1931 1666 nihil,
1965 1596 2052 1650 ut
2085 1580 2279 1649 mihi
2313 1577 2632 1669 quidem

424 1699 767 1782 videtur,
822 1698 987 1766 fieri
1016 1698 1364 1769 hocloco
1413 1698 1747 1790 ineptius
1790 1713 2060 1791 potest.
2164 1701 2315 1769 Sed
2367 1700 2629 1770 videa-

423 1841 599 1893 mus
634 1816 958 1912 singula.

692 1937 761 2034 §-
803 1952 870 2020 1.
971 1940 1222 2033 Atque
1251 1939 1331 2012 in
1360 1941 1638 2013 castris
1674 1939 2018 2013 Curionis
2037 1961 2354 2030 magnus
2386 1940 2638 2009 omni-

422 2086 551 2137 um
581 2063 890 2135 incessit
906 2064 1175 2143 timon·
1202 2086 1370 2135 nam
1403 2063 1476 2132 is
1504 2064 1746 2136 variis
1761 2061 2136 2133 hominum
2154 2061 2626 2133 sermonibus

420 2202 771 2280 augetur.
877 2186 1219 2258 Primum
1255 2207 1411 2255 non
1451 2205 1912 2281 magnopere
1965 2183 2217 2275 placet
2265 2181 2461 2253 illud
2509 2199 2624 2255 at-

418 2318 602 2400 que,
661 2328 899 2400 quum
944 2328 1164 2377 versu
1216 2307 1602 2400 superiore
1657 2307 1955 2401 legatur
2009 2318 2236 2398 atque
2285 2303 2400 2374 ita
2442 2326 2605 2374 suas

425 2442 736 2522 uterque
769 2430 1022 2523 copias
1049 2430 1374 2515 reducit,
1428 2430 1611 2499 ferri
1641 2444 1903 2499 tamen
1933 2450 2088 2497 non
2126 2448 2326 2521 nego
2361 2444 2598 2519 posset,

422 2553 551 2622 sed
596 2552 757 2622 fere
805 2573 1065 2622 verum
1109 2552 1410 2622 videtur
1461 2556 1605 2639 At,
1653 2549 1867 2642 quod
1917 2545 2261 2636 Manut.,
2341 2548 2605 2632 Ursin„

420 2674 662 2765 Lips.,
717 2674 908 2745 Scal.
945 2673 1104 2744 eius
1137 2674 1305 2743 loco
1341 2672 1782 2756 ediderunt3
1849 2694 2017 2762 quae
2080 2671 2445 2765 particula
2484 2669 2618 2738 sae-

419 2793 731 2886 pissime
762 2796 867 2861 ita
903 2816 947 2861 a
979 2795 1267 2861 Caesare
1321 2807 1400 2861 et
1444 2794 1795 2864 Sallustio
1844 2808 2200 2888 usurpata
2255 2808 2365 2862 est
2398 2790 2451 2857 1)
2502 2804 2618 2861 at-

422 2936 574 3006 que
606 2915 838 2983 etiam
873 2913 1051 2984 alibi
1088 2915 1172 2984 in
1205 2927 1431 3006 atque
1465 2913 1651 2985 abiit
1684 2914 1879 3005 (v.v.
1905 2918 1988 2987 L.
2012 2917 2102 2987 ad
2124 2919 2204 2993 B.
2230 2915 2320 2984 G.
2356 2922 2430 2996 4,
2481 2920 2613 3000 25,

417 3048 517 3123 33
565 3039 644 3112 B.
673 3038 854 3122 G.3‚
904 3039 1034 3122 ¹96,
1093 3039 1202 3130 2).
1315 3038 1527 3109 Tum
1582 3060 1757 3107 vero
1800 3057 1958 3108 non
1986 3034 2289 3108 ferenda
2340 3055 2616 3105 censeo

384 3159 690 3246 ·verba,
757 3181 925 3249 quae
969 3160 1329 3232 continuo
1388 3176 1857 3251 sequuntur:
1924 3183 2239 3253 magnus
2282 3155 2616 3229 omnium

417 3281 731 3353 incessit
762 3284 1034 3365 timor3
1103 3281 1381 3354 dicitur
1444 3283 1804 3373 quidem,
1860 3282 2065 3371 quod
2113 3279 2303 3356 Oud.
2358 3279 2614 3349 obser·

417 3406 658 3492 vavit,
715 3402 1061 3475 absolute
1108 3404 1334 3475 timor
1379 3402 1690 3478 incessit
1734 3406 1851 3487 (Β.
1902 3405 1982 3472 C.
2032 3414 2122 3488 3,
2178 3414 2322 3491 44,
2375 3405 2463 3485 63
2532 3412 2613 3495 3,

557 3703 613 3774 1)
691 3704 775 3758 Ne
800 3705 974 3759 nimia
1004 3706 1397 3779 exemplorum
1418 3705 1577 3779 copia
1599 3704 1903 3761 lectoribus
1928 3705 2154 3761 taedium
2182 3723 2457 3771 crearem,
2488 3702 2618 3758 Cae-

683 3794 907 3850 sariana
954 3797 1209 3869 exempla
1246 3815 1312 3852 ex
1354 3797 1486 3853 solis
1522 3796 1743 3852 Comm·
1784 3797 1853 3852 de
1890 3798 1956 3852 B.
1979 3796 2044 3852 C.
2067 3795 2362 3852 afferenda
2387 3795 2614 3869 putaviz

682 3897 751 3953 1²
792 3894 1096 3956 1355312
1147 3895 1245 3958 49»
1295 3901 1358 3959 13
1400 3899 1467 3957 22
1504 3897 1569 3957 70
1599 3898 1665 3958 33
1710 3898 1774 3956 2»
1820 3896 1915 3956 14,
1971 3900 2035 3956 13
2078 3898 2144 3956 2,
2180 3895 2280 3956 39,
2315 3893 2613 3957 652341)

682 3985 849 4047 532²
891 3986 991 4048 42,
1037 3986 1104 4048 43
1154 3988 1221 4049 3²
1272 3989 1369 4049 13,
1421 3994 1488 4050 13
1524 3990 1592 4049 32
1642 3989 1742 4048 282
1787 3987 1851 4049 53
1894 3989 1958 4046 3»
2009 3987 2109 4048 362
2160 3987 2223 4047 63
2273 3987 2341 4047 3»
2394 3985 2491 4042 472
2548 3985 2612 4044 33

681 4077 747 4135 3,
794 4076 892 4139 49,
945 4080 1011 4141 63
1059 4081 1123 4141 3,
1158 4080 1255 4144 51,
1308 4081 1375 4142 33
1413 4082 1480 4141 3,
1523 4081 1622 4142 71,
1666 4080 1721 4136 4.
1824 4071 2157 4129 Sallustiana
2198 4069 2455 4145 quaedam
2489 4066 2613 4123 haec

679 4167 838 4217 suu't:
875 4165 1132 4238 Iugurth·
1158 4176 1255 4237 33,
1295 4174 1361 4236 33
1398 4172 1495 4235 58,
1527 4173 1593 4237 63
1625 4172 1728 4234 97,
1763 4174 1818 4236 1·
