2859 4700
1490 164 1618 259 44

458 380 669 477 qued
703 378 798 451 ab
848 398 942 447 eo
980 374 1467 448 observatum
1499 397 1657 448 non
1709 390 1862 447 est:
1929 377 2016 448 B.
2034 376 2115 453 C.
2147 387 2222 469 2,
2257 390 2387 470 32,
2423 393 2518 462 12
2569 381 2659 453 in

452 503 636 579 edit,
668 508 860 583 1773
894 511 972 568 et
1003 496 1380 595 Stutgerd.
1416 499 1694 597 legitur
1738 500 2202 589 abduxerim,
2238 503 2375 579 sed
2413 504 2497 573 in
2532 503 2659 574 ed.

459 630 659 706 1737
691 634 807 693 est
838 623 1308 701 adduxerim.
1411 625 1520 696 Ut
1567 624 1663 696 de
1709 624 1960 695 minus
2005 626 2410 697 commoda
2444 640 2668 696 nota·

452 768 631 819 rum
665 743 1153 840 dispositione
1201 760 1281 816 et
1317 743 1413 818 de
1444 760 1807 841 typorum
1858 747 2234 818 erroribus
2286 748 2486 820 nihil
2546 749 2669 820 di-

456 889 671 962 cem,
723 868 825 942 ed
853 871 940 947 B.
974 868 1187 960 G.4,
1235 879 1329 956 4,
1378 879 1433 948 3
1476 890 1647 966 pag.
1679 874 1831 955 297
1866 870 2141 940 omissa
2194 883 2311 941 est
2340 872 2673 942 Ouden-

455 989 707 1085 dorpii
747 1005 968 1079 nota,
1021 1012 1193 1085 que
1234 991 1322 1061 in
1369 989 1494 1061 ed.
1527 999 1725 1074 1737
1766 990 2048 1088 legitur
2094 1013 2267 1090 pag.
2321 999 2486 1073 175.
2539 1005 2676 1079 1.;

452 1134 635 1187 nam
662 1104 918 1185 mimis
948 1134 1147 1212 aegte
1176 1112 1388 1203 fero,
1436 1112 1533 1186 ad
1577 1117 1664 1189 Β.
1701 1112 1793 1191 G.
1832 1121 1924 1202 5,
1974 1125 2124 1217 31,
2181 1127 2224 1196 1
2277 1136 2454 1212 pag·
2504 1125 2674 1198 428

453 1233 812 1309 omissam
855 1258 1018 1311 esse
1070 1250 1367 1334 partem
1393 1253 1596 1311 notoe
1641 1239 1741 1315 D.
1787 1236 2030 1310 Vossii
2070 1249 2151 1307 et
2195 1255 2459 1311 notem
2497 1240 2667 1308 Ou-

451 1358 681 1433 dend.
699 1404 724 1449 ,
777 1361 1146 1455 quoniam
1182 1384 1348 1456 quae
1380 1360 1469 1434 in
1511 1362 1636 1434 his
1681 1360 2040 1433 dicuntur
2090 1358 2299 1459 (pag.
2364 1366 2509 1445 249
2547 1382 2661 1451 sq.

451 1481 574 1560 ed.
613 1481 844 1578 1737)
882 1485 976 1553 ed
1008 1485 1376 1555 Caesarem
1412 1485 1613 1555 nihil
1640 1506 2101 1577 magnopere
2134 1487 2541 1576 pertinent.

703 1601 1020 1684 Multae,
1074 1621 1245 1686 quae
1291 1615 1464 1688 post
1513 1602 1863 1676 Oudend.
1899 1601 2382 1692 prodierunt,
2436 1603 2667 1675 editi·
2815 1614 2816 1625 ¹

446 1736 637 1790 ones
685 1716 991 1786 silentio
1035 1715 1581 1807 proetereund‘se
1628 1729 1848 1798 sunt3
1925 1740 2119 1811 aegre
2145 1740 2406 1794 autem
2442 1727 2672 1798 carui

445 1839 773 1915 editione
816 1837 1116 1908 Thomae
1166 1837 1517 1924 Bentleii,
1598 1833 1932 1908 Londini
1980 1846 2219 1926 1742,
2288 1851 2340 1921 8
2389 1843 2674 1928 (Ebert

448 1963 596 2041 No.
630 1961 892 2054 3284).
994 1959 1210 2032 Licet
1238 1959 1444 2031 enim
1482 1958 2037 2030 observationes
2069 1961 2421 2051 Bentleii,
2458 1984 2661 2052 quas

450 2084 864 2163 oberlinus
894 2082 1173 2178 passim
1207 2081 1498 2171 attulit,
1552 2102 1711 2152 non
1755 2082 2015 2177 magni
2053 2065 2278 2173 pretii
2325 2102 2487 2149 esse
2539 2083 2670 2175 vi-

450 2212 823 2298 deantur,
875 2222 954 2279 et
978 2206 1248 2280 Jaeobi
1286 2192 1549 2277 Jurin'i
1580 2203 2035 2278 coniecturae
2088 2214 2162 2273 et
2189 2200 2661 2272 emendatio·

451 2356 617 2421 nes,
671 2352 847 2424 quae
871 2325 1050 2402 huic
1094 2325 1415 2402 editioni
1454 2340 1957 2415 accesserunt,
2008 2324 2462 2421 plerumque
2502 2325 2663 2396 vio·

444 2453 681 2528 lentoe
709 2454 901 2542 sint,
967 2464 1230 2523 tamen
1274 2446 1605 2524 libenter
1650 2447 2005 2521 vidissem
2025 2494 2049 2537 ,
2091 2447 2384 2541 quibus
2433 2470 2657 2544 ergu-

450 2578 734 2654 mentis
769 2578 864 2652 eb
896 2596 990 2647 eo
1019 2573 1346 2647 defensoe
1376 2585 1651 2643 essent.
1762 2572 2124 2644 Ceterum
2148 2592 2288 2664 per
2304 2592 2384 2640 se
2417 2583 2651 2664 patet,

452 2700 996 2793 Oudendorpio
1020 2718 1180 2769 non
1210 2695 1451 2791 magis
1466 2694 1761 2788 placere
1781 2697 2116 2789 potuisse
2134 2693 2464 2767 Bentleii
2481 2714 2658 2764 con-

442 2826 820 2897 iecturam
871 2817 1207 2907 aliquem
1263 2817 1449 2900 (vid.
1486 2814 1787 2886 Doehne
1838 2815 1933 2885 ed
1985 2816 2070 2891 Β.
2100 2816 2182 2890 C.
2235 2826 2309 2904 2,
2350 2823 2447 2897 35
2487 2838 2655 2912 pag.

446 2949 663 3032 394),
714 2957 946 3032 quam
988 2933 1301 3010 Davisio
1353 2932 1711 3008 accedere
1777 2936 2260 3011 Hotomanus
2318 2941 2659 3035 potuerit

449 3065 629 3153 (vid.
677 3058 875 3136 ond.
916 3058 1125 3140 adB·
1163 3058 1246 3138 C.
1286 3071 1359 3148 1,
1413 3060 1552 3149 26,
1603 3063 1712 3148 5).

718 3181 1409 3260 Commemoranda
1468 3198 1585 3256 est
1633 3199 1894 3260 eutem
1942 3183 2229 3259 editio
2264 3187 2336 3256 S.
2385 3182 2466 3260 F.
2529 3181 2641 3253 Ν.

445 3307 685 3396 Mori,
729 3307 1021 3399 Lipsiae
1038 3317 1263 3395 1780,
1292 3318 1368 3389 8·
1476 3309 1575 3382 In
1601 3310 2041 3402 praefatione
2080 3316 2284 3407 (peg-
2302 3307 2441 3401 IV)
2474 3304 2655 3375 scri·

443 3432 607 3522 bit,
619 3453 701 3503 se
718 3426 1235 3522 Oudendorpii
1251 3430 1774 3505 recensionem
1793 3431 2177 3524 repetiisse
2195 3454 2220 3516 3
2256 3429 2409 3519 sed,
2443 3427 2654 3521 quod

443 3553 607 3631 iem
639 3554 992 3651 Kreyssig
1026 3552 1456 3626 observavit
1479 3554 1724 3640 (Praef.
1756 3576 1833 3648 p.
1864 3556 1989 3627 111
2019 3559 2185 3647 sq.),
2221 3576 2379 3625 non
2411 3553 2650 3647 ipsius

447 3676 968 3772 Oudendorpii
985 3660 1400 3748 editionem
1412 3676 1906 3773 typographis
1926 3676 2251 3767 tradidit,
2273 3677 2403 3754 sed
2424 3678 2651 3747 eliam

449 3802 801 3893 (fortasse
835 3800 952 3875 ed.
973 3798 1515 3889 Cellarianam,
1567 3802 1773 3893 Lips.
1807 3805 2025 3893 1767,
2079 3801 2168 3892 8)
2202 3799 2299 3871 ed
2336 3798 2650 3871 Ouden-

448 3925 895 4021 dorpianem
945 3941 1142 4015 saepe
1193 3921 1328 3994 sed
1371 3944 1529 3993 non
1579 3923 1867 4016 ubique
1911 3936 2304 4000 mutatam.
2422 3923 2649 4015 Quod
2705 3971 2724 3992 .

445 4061 710 4120 eutem
758 4045 1114 4143 Kreyssig
1159 4046 1578 4142 suspicatus
1643 4063 1797 4135 est,
1865 4046 2079 4118 illam
2132 4046 2645 4118 Cellarienem

445 4187 541 4241 ex
579 4165 914 4242 editione
959 4170 1353 4244 Graeviena
1402 4191 1470 4245 a.
1509 4169 1703 4253 1697
1740 4166 2152 4241 derivatam
2203 4188 2364 4238 esse
2383 4203 2414 4257 ,·
2492 4167 2645 4238 hoo
2795 4225 2802 4232 .
