2859 4700
1258 219 1476 333 99,

490 416 892 524 *Quidquid
926 436 1179 496 autern
1219 425 1311 497 de
1349 425 1438 518 iis
1480 424 1664 499 locis
1700 422 2116 511 iudicetur,
2172 423 2303 494 ubi
2335 424 2416 495 in

240 556 590 627 omnibus
630 567 762 623 aut
792 549 1177 619 nonnullis
1216 548 1427 623 nodet
1462 548 1914 621 indicativus
1946 560 2095 632 est,
2152 568 2418 647 ornnes

236 697 498 752 tamen
544 676 730 746 mihi
769 688 1256 744 concessuros
1299 693 1456 740 esse
1488 692 1741 762 spere,
1794 676 1952 737 non
1987 690 2145 738 esse
2179 670 2419 741 talem

236 802 726 873 :indicativum
774 795 1114 886 scriptori
1160 793 1386 871 elicui
1420 812 1513 860 ex
1550 792 1984 869 coniectura
2018 791 2419 861 obtruden-

237 925 447 1009 dum,
514 919 716 1011 quod
768 916 1079 987 Ellendt
1123 917 1368 987 facere
1415 913 1659 984 voluit
1707 913 1801 984 ad
1852 914 2005 987 Cic.
2057 916 2262 985 Brut.
2291 924 2432 1002 40,

236 1054 381 1124 147
420 1050 623 1137 (pag.
658 1046 973 1129 107‘sq.)
1001 1083 1024 1125 ‚
1089 1039 1224 1108 ubi
1261 1036 1750 1123 scribendum
1781 1035 2148 1105 coniecit:
2195 1036 2424 1104 Ruti·

234 1168 384 1238 lio.-
437 1167 571 1255 qui
606 1184 759 1253 qua
795 1161 1151 1230 utebatur
1164 1157 1719 1253 familiaritate
1754 1159 2130 1244 Scoevoloe,
2184 1158 2421 1228 nosti:

233 1288 519 1356 oblitus
569 1283 854 1352 scilicet
889 1303 1192 1369 eorum,
1251 1286 1417 1372 quae
1458 1282 1618 1372 ipse
1653 1292 2052 1348 monuerat
2084 1278 2177 1348 ed
2214 1290 2287 1366 3,
2329 1290 2423 1358 13

112 1450 121 1455 -
238 1427 408 1500 pag.
441 1416 592 1485 18.’
660 1406 923 1494 Neque
970 1403 1195 1472 facile
1243 1401 1643 1492 quisquam
1678 1400 2025 1495 negabit,
2080 1424 2236 1470 non
2264 1414 2424 1470 mez

242 1527 391 1598 lius
426 1549 589 1597 rem
638 1526 878 1621 egisse
915 1528 1002 1596 O.
1036 1525 1149 1600 M.
1185 1524 1612 1594 Miillerum
1645 1522 1918 1598 adcic.
1953 1524 2156 1594 Orat.
2197 1537 2268 1608 1,
2298 1535 2423 1611 42,

244 1657 415 1734 190,
476 1648 609 1719 ubi
645 1647 927 1739 duplici
964 1646 1411 1717 soloecismo
1446 1646 1891 1717 Ciceronem
1930 1628 2202 1723 beavitss
2243 1651 2425 1716 Ver·

240 1772 336 1840 ba
389 1750 552 1842 h'aec
605 1783 820 1838 sunt:
857 1771 1086 1843 Hisce
1119 1770 1516 1860 ego‘rebus
1544 1772 1873 1862 exempla
1904 1770 2422 1860 adiungerem,

233 1895 424 1983 nisi,
479 1893 681 1987 apud
727 1915 912 1982 quos
966 1893 1124 1963 Izoeo
1155 1892 1566 1964 haberetur
1593 1885 1650 1956 4)
1682 1895 1976 1978 oratio,
2029 1913 2424 1961 cernerem.

238 2016 410 2083 Jam
465 2034 702 2104 quum
741 1988 1089 2086 Goerenz
1128 2012 1223 2081 ad
1261 2014 1613 2088 Academ.
1655 2023 1723 2098 1,
1772 2023 1846 2096 2,
1884 2024 1937 2090 4
1966 2032 2141 2105 pag.
2175 2020 2228 2091 7
2258 2034 2428 2083 cum

241 2134 691 2233 quibusdam
719 2144 933 2201 vetus
967 2133 1199 2202 editis
1254 2133 1393 2216 (ita
1423 2128 1636 2220 loqui
1668 2131 1894 2217 solet)
1943 2130 2429 2205 scribendum

242 2277 403 2324 esse
458 2254 767 2328 dixisset
828 2253 1191 2340 habetur,
1271 2252 1568 2323 Miiller
1609 2252 1763 2323 hoc
1818 2242 2143 2350 recepit,
2220 2253 2466 2344 quod*
2545 2290 2552 2293 ·

241 2376 596 2468 equidem
630 2387 800 2446 ‘non
855 2377 1123 2460 mi‘ror3
1190 2374 1319 2448 sed
1366 2375 1585 2446 valde
1635 2378 1869 2447 miror
1915 2378 2067 2446 hoc
2106 2375 2429 2469 probare

239 2502 577 2592 potuisse
614 2499 1004 2570 Orellium.
1113 2499 1415 2570 Scilicet
1446 2499 1627 2569 boni
1657 2501 1774 2570 illi
1806 2498 1949 2568 viri
1986 2520 2076 2566 ex
2114 2500 2429 2576 Gemin-

147 2633 159 2640 ’
243 2623 412 2690 nica
457 2622 723 2715 lingua
768 2620 862 2690 de
903 2635 1339 2711 temporum
1393 2641 1540 2690 usu
1580 2623 1663 2694 in
1713 2622 1978 2716 lingua
2008 2621 2277 2690 Latina
2316 2621 2432 2691 iu-

245 2742 639 2827 dicabant,
694 2742 1139 2837 ignorantes·
1175 2742 1570 2830 videlicet,
1626 2743 1735 2815 ita
1779 2744 2187 2840 saepissime
2221 2743 2429 2814 locu·

242 2879 358 2936 tos
388 2887 547 2934 esse
572 2915 595 2957 ,
663 2887 819 2936 non
853 2863 1298 2966 Ciceronern
1330 2867 1579 2936 solum
1601 2911 1624 2955 ,
1681 2867 1813 2939 sed
1849 2889 2153 2955 ornnes,
2208 2884 2427 2962 pum,

241 2987 369 3079 qui
420 2988 934 3059 bene-Latine
981 2990 1482 3082 scripserunt,
1555 3005 1644 3060 ut
1691 3005 1771 3060 et
1827 3012 1957 3075 ea,
2012 3009 2181 3078 quse
2214 3004 2424 3085 tunc,

238 3134 481 3201 quum
531 3112 1063 3199 loquerentur,
1144 3107 1463 3190 fierent,
1537 3093 1802 3192 effes,
1876 3128 2044 3195 quse
2081 3111 2429 3179 universe

244 3234 712 3311 dicerentur,
781 3242 1047 3294 tamen
1097 3226 1477 3317 praeterito
1518 3225 1732 3295 verbi
1763 3242 2109 3318 ternpore
2139 3230 2430 3320 profer-

243 3363 454 3436 rent,
509 3351 571 3419 si
607 3344 1039 3418 enunciatio
1068 3366 1159 3414 ex
1191 3346 1424 3416 verbo
1457 3348 1819 3441 praeteriti
1847 3352 2213 3443 temporis
2243 3375 2433 3445 pen-

246 3473 478 3543 deret.
582 3467 936 3541 Attulisse
989 3469 1318 3540 sufficiat
1358 3471 1511 3545 Cic.
1572 3472 1772 3542 Orat.
1806 3482 1878 3558 2,
1911 3475 2033 3558 86,
2069 3482 2264 3555 3532
2314 3479 2429 3548 Si.

241 3596 578 3694 moniales
625 3630 725 3650 —-
778 3594 1147 3665 invenisse
1203 3587 1511 3686 fertur,
1603 3595 1939 3665 ordinem
1987 3618 2142 3667 esse
2190 3601 2427 3673 maxi-

245 3741 384 3804 me,
439 3719 572 3808 qui
619 3720 985 3790 memoriae
1031 3718 1278 3787 lumen
1321 3714 1674 3814 afferren
1748 3720 1879 3789 cfr.
1923 3720 2125 3808 Orat.
2164 3733 2247 3809 1,
2301 3725 2427 3813 36,

250 3841 440 3925 1653
506 3850 591 3932 2,
645 3848 786 3926 50,
862 3849 1053 3924 2045
1140 3842 1348 3911 Brut·
1382 3849 1523 3930 80,
1609 3842 1800 3927 2763
1884 3839 2102 3915 Rosc.
2173 3846 2427 3914 Aruer.

381 4139 440 4209 4)
508 4137 635 4193 Hoc
672 4138 838 4193 etiam
874 4136 937 4196 in
967 4135 1188 4196 duobus
1211 4136 1369 4198 codd.
1403 4148 1510 4206 est,
1542 4097 1642 4211 uui
1667 4137 1728 4193 in
1743 4133 1895 4191 Bibl.
1919 4135 2054 4208 Reg.
2083 4135 2269 4189 Havn.
2303 4154 2429 4191 ser-

512 4238 741 4285 vantur.
2179 4252 2186 4262 ·

1722 4325 1828 4406 7*
