2859 4700
1257 188 1378 283 13

231 408 430 481 raro'
452 408 827 502 inspectus
871 402 1107 478 fuisse
1137 399 1527 494 videatur,
1575 401 1661 476 in
1707 398 1790 482 Β.
1821 398 1918 483 G,
1957 396 2056 475 ad
2088 400 2418 499 optimos

226 533 392 604 fere
419 532 706 623 ubique
741 527 1059 607 accedit.
1931 560 1940 565 ·

492 659 570 739 7.
616 652 930 726 Fulvius
963 646 1286 723 Ursinus
1331 647 1417 719 in
1464 645 2111 723 Emendationibus
2138 646 2222 725 in
2260 649 2418 723 θω-

226 799 506 865 sarsm,
559 795 730 869 quoe
784 775 952 847 eius
986 770 1451 847 editionibus
1503 771 1785 842 horum
1835 770 2418 845 commentario-

86 944 97 961 ·
226 923 404 989 rum
459 898 1032 993 proemittuntur
1097 891 1490 987 (equidem
1531 891 2012 988 potissimum
2063 892 2420 967 consului

224 1023 348 1100 ed.
381 1026 740 1117 Antverp.
800 1040 896 1091 ex
930 1018 1131 1093 offic.
1182 1017 1513 1096 Plautin.
1559 1018 1832 1104 1570),
1899 1016 2196 1108 aliquot
2229 1014 2422 1090 Iocis

223 1126 450 1219 affert
504 1146 916 1239 scripturas
956 1140 1244 1216 codicis
1285 1139 1603 1230 Faerni,
1708 1138 2064 1215 Vaticani
2104 1135 2422 1236 suique,

223 1287 325 1338 ex
360 1268 486 1339 his
521 1266 799 1339 Fa‘erni
848 1279 928 1334 et
957 1263 1198 1357 ipsius
1228 1260 1488 1334 Ursini
1534 1260 1775 1335 codex
1792 1306 1820 1351 ,
1871 1284 2107 1354 quem
2139 1261 2225 1333 in
2253 1262 2418 1357 epi·-

230 1386 431 1456 stola
478 1386 574 1458 ad
607 1385 934 1457 Fabium
983 1382 1466 1472 Farnesium,
1515 1380 1701 1455 edit.
1749 1386 1896 1462 157
1895 1393 1947 1462 0
1991 1381 2414 1474 praemissa,

235 1506 422 1579 dicit
455 1507 618 1577 fere
650 1503 1021 1577 sexcentis
1065 1503 1349 1575 abhinc
1381 1500 1598 1573 annis
1631 1499 2000 1597 scriptum
2032 1502 2268 1575 fuisse
2295 1499 2416 1600 14),

228 1628 503 1723 optimi
526 1627 705 1701 libri
738 1626 972 1699 fuisse
1001 1625 1394 1713 videntum
1450 1624 1581 1697 sed
1633 1624 1878 1699 rarius
1921 1647 2191 1701 eorum
2235 1627 2417 1699 scri-

225 1763 472 1845 pturae
505 1750 932 1836 laudantur,
974 1770 1208 1842 quam
1237 1761 1326 1819 ut
1340 1748 1760 1842 quidquam
1788 1749 1973 1822 certi
1991 1747 2087 1823 de
2114 1750 2210 1823 iis
2238 1773 2416 1825 con-

226 1873 442 1947 stitui
484 1871 745 1968 possit.
882 1872 1180 1945 Habuit
1222 1886 1484 1949 autem
1538 1868 1798 1943 Ursini
1858 1870 2100 1945 codex
2125 1860 2414 1945 'omnes

230 1996 837 2071 commentarios.
966 1995 1334 2069 Ceterum
1381 2013 1476 2064 ex
1522 1992 1710 2086 ipsis
1755 1992 2014 2064 Ursini
2061 1991 2415 2068 editioni-

227 2117 381 2186 bus
414 2117 699 2186 horuni
737 2098 1088 2187 codicum
1140 2113 1535 2207 scripturae
1564 2112 1918 2207 petendas
1948 2126 2172 2199 sunt3
2232 2136 2424 2203 nam

234 2257 426 2329 quas
463 2251 729 2330 postea
770 2232 1008 2307 edidit
1032 2233 1354 2307 Ursinus
1384 2235 1621 2308 Notas
1670 2230 1765 2304 ad
1797 2234 2172 2308 Caesarem
2204 2228 2422 2331 (Fra-'

229 2356 1128 2460 gmenta'Historicorum
1199 2358 1514 2432 collecta
1568 2357 1663 2432 ab
1723 2359 1901 2435 Aut.
1951 2359 2415 2459 Augustino,

232 2484 630 2556 emendata
664 2483 808 2554 aF.
829 2481 1152 2569 Ursino.⁴
1234 2482 1487 2556 Fulvii
1508 2482 1766 2556 Ursini
1794 2485 2014 2555 Notae
2038 2480 2135 2555 ad
2163 2485 2420 2557 Sallu·
2487 2573 2494 2580 .
2633 2581 2642 2588 ‘

226 2606 483 2693 stium,
507 2606 907 2691 Caesarem,
931 2605 1240 2675 Livium
1258 2616 1398 2680 cet.
1411 2604 1841 2698 Antverpiae
1857 2609 2081 2690 1595,
2097 2605 2205 2697 8),
2221 2604 2420 2676 iniis

228 2748 393 2799 non
427 2746 737 2796 suorum
765 2724 1018 2799 solum
1053 2722 1412 2801 codicum
1438 2724 1830 2828 sedetiam
1875 2723 2200 2798 aliorum
2239 2725 2424 2798 scri-

226 2866 485 2946 pturas
504 2847 782 2921 attulit.
831 2850 1116 2949 Pagina
1140 2850 1350 2922 enim
1366 2848 1606 2936 huius.
1620 2829 1792 2926 libri
1807 2848 1958 2930 2da
1989 2850 2417 2928 afferuntur

227 2974 554 3047 Nomina
583 2974 1000 3047 Doctorum
1028 2975 1413 3065 Virorum,
1464 2974 1604 3069 qui
1635 2975 1754 3045 vel
1774 2974 2265 3075 corrigendis,
2296 2976 2420 3050 vet

231 3097 711 3171 illustrandis
773 3097 1144 3173 nonnullis
1192 3098 1383 3168 locis
1410 3096 2017 3195 sHistoricorutm
2081 3099 2189 3170 ad
2231 3120 2418 3188 quos

227 3220 319 3293 N
313 3232 456 3290 otoe
494 3218 578 3288 in
606 3217 752 3288 hoc
777 3218 974 3287 libro
998 3218 1319 3287 eduntur
1335 3259 1361 3303 ,
1410 3236 1707 3309 operam
1756 3215 2137 3287 dederunt.
2238 3222 2415 3297 Ant.

231 3337 722 3427 Augustinus,
864 3339 1026 3415 Oct.
1085 3337 1627 3432 Pantagathus.
1762 3337 1987 3411 Gabr·
2058 3339 2413 3416 Faernus.

232 3461 440 3532 Patr.
479 3459 930 3533 Ciaccotu'us.
1028 3461 1145 3535 M.
1179 3463 1353 3534 Ant.
1388 3462 1755 3562 Muretus.
1852 3461 2170 3538 Latinus
2199 3466 2417 3539 Lati-

232 3581 423 3658 nius.
529 3584 796 3676 Neque
859 3584 979 3656 his
1019 3585 1217 3668 notis
1265 3584 1854 3660 Emendationes
1897 3584 2064 3677 illas
2107 3586 2418 3664 inutiles

232 3706 553 3779 reddere
584 3704 913 3776 voluisse
946 3707 1283 3815 videtur,
1345 3729 1532 3802 quas
1581 3706 1737 3778 suis
1779 3708 2239 3785 editionibus
2281 3710 2414 3784 ad·

337 3945 430 4018 14)
499 3942 672 4015 Quod
695 3952 887 3999 autem
911 3944 976 3999 in
995 3944 1155 4019 praei.
1179 3945 1246 3999 Β.
1272 3943 1346 4000 G.
1368 3961 1429 4019 p.
1449 3945 1532 4003 1v
1555 3944 1669 4001 dixi
1684 3985 1701 4013 ‚
1757 3948 1960 4016 Ursini
1982 3946 2227 4001 alterum
2246 3942 2424 4018 sodi-5

498 4054 618 4091 cem
635 4035 708 4092 ad
732 4036 977 4110 optimos
1002 4034 1366 4092 referendum
1388 4053 1531 4106 esse,
1569 4054 1771 4094 errore
1795 4038 2010 4092 factum
2031 4040 2130 4096 est,
2154 4030 2216 4082 in
2239 4046 2414 4102 quem

496 4141 591 4182 ma
624 4126 966 4184 induxerant
992 4127 1188 4184 Ursini
1214 4138 1359 4184 notae
1372 4170 1388 4197 ,
1450 4128 1644 4201 qualos
1680 4127 1744 4181 in
1770 4124 1898 4179 edit·
1925 4120 2301 4193 sangermani
2327 4119 2415 4184 le-i,

495 4226 711 4292 guntur
722 4261 740 4292 ‚
777 4228 836 4276 et
857 4218 1324 4296 Oudendorpius,
1361 4220 1463 4295 qui
1485 4221 1602 4294 ipse
1630 4220 1941 4274 erraverat.
