2859 4700
1314 210 1438 304 39

259 422 793 518 Metaphrasin
817 424 1160 498 Graecam
1188 419 1281 491 26)
1330 442 1425 494 ex
1455 422 1638 501 bibl.
1658 425 1739 501 Ρ.
1769 420 2057 498 Petavii
2086 437 2451 516 notasque

260 549 668 620 variorum.
742 549 1291 643 Iungermanus
1323 547 1486 640 ipse
1527 561 1798 641 praeter
1831 561 2046 619 notas
2090 547 2188 618 ad
2217 548 2450 617 inter-

253 686 562 766 pretem
612 669 964 741 Graecum
1016 671 1218 742 nihil
1272 669 1595 755 addidit,
1676 668 1807 741 sed
1853 684 2150 738 textum
2199 671 2281 739 in
2318 670 2452 740 illa

257 795 510 886 capita
540 791 916 880 distinxit,
990 794 1268 885 quibus
1303 814 1510 862 nunc
1547 789 1856 866 utimur.
1884 825 1989 843 —
2022 791 2451 861 Secundam

258 916 678 988 editionem
717 914 1093 1002 (Francos.
1136 918 1374 1003 1669,
1423 921 1538 1002 4),
1592 914 1874 1007 quaein
1902 913 2126 983 titulo
2155 916 2451 985 auctior

250 1053 333 1111 et
366 1038 691 1110 comtior
735 1059 895 1109 esse
932 1038 1239 1127 dicitur,
1294 1039 1735 1108 mendosam
1769 1057 1930 1105 esse
1974 1034 2106 1104 alii
2140 1056 2450 1105 monue-

251 1175 480 1245 runt3
551 1175 669 1230 est
711 1174 970 1233 tamen
1015 1163 1115 1235 ad.
1144 1174 1374 1233 usum·
1409 1161 1672 1255 paullo
1699 1154 1992 1229 facilior
2016 1204 2040 1244 ,
2091 1179 2334 1248 quum
2370 1157 2451 1226 in

255 1306 350 1354 ea
396 1284 738 1374 primum
787 1283 1178 1375 adscriptae
1212 1301 1388 1353 sunt
1421 1285 1765 1375 capitum
1794 1279 2207 1371 sectioneS,
2280 1302 2448 1371 quae

268 1392 677 1487 dicuntur,
750 1401 844 1472 ad
881 1394 1069 1492 quas
1099 1388 1303 1472 notae*
1332 1405 1790 1480 referuntur.

533 1525 1243 1617 Interpretationem
1272 1525 1525 1619 potius
1556 1544 1791 1615 quam
1831 1520 2168 1592 criticam
2201 1535 2446 1591 textus

258 1642 791 1716 tractationem
817 1647 1186 1740 spectavit
1208 1648 1600 1719 Arnoldus
1632 1646 2073 1735 Montanus,
2130 1644 2262 1733 qui
2289 1657 2446 1712 tex-

238 1769 377 1839 -tui
419 1767 874 1860 plerumque
928 1768 1411 1868 Scaligerano
1482 1768 2060 1840 commentarios
2122 1766 2446 1836 aliorum

248 1890 569 1961 selectos
615 1912 945 1984 suosque
991 1890 1284 1969 adiecit.
1393 1894 1592 1964 Usus
1641 1912 1812 1961 sum
1840 1889 2167 1959 maxime
2200 1890 2444 1981 prima

252 2013 615 2100 editione,
670 2015 1095 2109 Lugd.Bat.
1125 2018 1347 2100 1651,
1399 2024 1491 2099 83
1548 2012 1962 2085 secundam
2001 2013 2442 2094 editionem,

257 2133 667 2206 Amstelod.
705 2135 897 2212 1661
922 2179 946 2219 ‚
996 2114 1045 2212 8
1069 2181 1092 2223 ,
1142 2155 1303 2202 non
1330 2134 1530 2216 vidi,
1586 2133 1718 2201 sed
1748 2133 2091 2217 tertiam,
2147 2135 2443 2201 Amste-

242 2250 413 2321 iod,
447 2272 540 2321 ex
572 2252 766 2322 offic.
795 2252 1112 2324 Elz‘evir.
1150 2256 1372 2349 1670,
1422 2263 1472 2335 8
1503 2253 1772 2341 (Ebert
1801 2255 2218 2343 No.3274),
2275 2272 2441 2343 quae

242 2395 429 2454 eam
477 2374 869 2469 repetiisse
924 2378 1260 2465 videtur,
1335 2377 1733 2471 aliquoties
1786 2377 2156 2453 consului.
2258 2376 2440 2447 Ani-

255 2498 813 2572 madversiones
849 2500 1105 2591 paullo
1138 2499 1514 2571 auctiores
1545 2515 1745 2578 sunt.

522 2620 587 2694 I.
634 2613 964 2691 Goduini
1008 2619 1417 2690 editionem
1467 2642 1642 2692 cum
1689 2619 2316 2714 interpretatione
2364 2632 2444 2688 et

259 2737 497 2825 notis,
553 2739 635 2810 in
667 2761 889 2811 usum
926 2741 1320 2837 Delphini,
1374 2744 1701 2818 Lutetiae
1718 2745 2174 2817 Parisiorum
2213 2742 2437 2828 1678,

140 2875 161 2888 ·
250 2870 306 2939 4
353 2861 618 2946 (Ebert
663 2864 803 2934 No.
837 2863 1071 2959 3275)
1120 2863 1271 2935 vidi
1319 2864 1451 2936 sed
1484 2868 1825 2939 conferre
1856 2866 2113 2952 nolui,
2178 2863 2440 2936 laudat

230 2981 640 3074 aliquoties
675 2984 865 3058 duos
899 2987 1464 3081 Manuscriptos
1495 2989 1830 3062 Thuani·

512 3108 726 3202 Saepe
761 3110 1113 3180 consului
1150 3109 1568 3178 editionem
1587 3111 2057 3181 Groevicmam
2078 3108 2433 3201 priorem,

238 3228 657 3302 -Amstelod.
696 3232 928 3312 1697,
996 3238 1089 3312 8,
1147 3247 1313 3316 quae
1349 3229 1598 3298 textui
1625 3229 2078 3321 plerumque
2110 3227 2437 3322 Scalige-

236 3369 437 3418 ·rano
468 3348 681 3436 (nam
716 3347 812 3417 ab
845 3368 936 3417 eo
973 3347 1372 3439 aliquoties
1409 3345 1768 3439 discedit,
1854 3363 1944 3421 ut
1970 3355 2050 3425 B.
2091 3352 2169 3425 C.
2191 3360 2269 3440 3,
2308 3355 2432 3439 25,

248 3482 334 3562 4,
390 3470 525 3542 ubi
563 3469 705 3546 vid.
742 3473 958 3557 Intt.)
1000 3470 1323 3546 adiectas
1349 3471 1587 3544 habet
1617 3474 1984 3567 Dionysii
2015 3469 2092 3545 V
2087 3474 2275 3547 ossii
2306 3498 2435 3547 no-

248 3603 369 3662 tas
409 3607 482 3664 et
527 3591 1196 3667 animadversiones
1229 3611 1310 3666 et
1362 3618 1528 3666 eum
1542 3641 1564 3683 ,
1632 3600 1769 3691 qui
1815 3613 2127 3671 vocatur
2176 3597 2426 3669 Iulius

256 3717 542 3804 Celsus,
596 3737 688 3784 ex
719 3715 897 3786 edit.
932 3726 1126 3797 1473
1162 3718 1592 3811 repetitum.
1700 3723 1791 3799 D.
1832 3725 2175 3812 VossiuS,
2245 3722 2430 3793 licet

344 4046 436 4115 26)
506 4043 641 4100 Haec
663 4046 1061 4119 Interpretatio
1087 4047 1158 4102 ad
1179 4048 1427 4103 codicem
1448 4049 1697 4121 vulgaris
1722 4047 1945 4119 generis
1974 4061 2094 4095 non
2118 4039 2424 4096 admodum

510 4134 805 4205 diligenter
828 4138 974 4195 facta
1000 4148 1102 4207 est,
1146 4140 1284 4198 adeo
1309 4149 1376 4214 ut
1406 4159 1529 4196 non
1566 4139 1811 4195 multum
1838 4148 2008 4187 usum
2032 4129 2291 4186 criticum
2315 4129 2424 4190 ha·-

511 4225 658 4284 beat.
