2859 4700
1516 165 1640 259 42

472 379 951 456 Fabricianus
1007 392 1085 448 et
1136 377 1564 448 editionum
1610 400 1654 447 a
1702 400 1828 449 me
1881 379 2042 472 ipso
2079 380 2284 452 facta
2328 382 2678 463 collatio,

467 504 620 573 Ubi
679 512 939 572 autem
1003 496 1327 593 aliorum
1380 499 1932 572 observationes
1999 507 2495 599 excerpserit,
2595 509 2683 580 ei

463 646 625 696 non
675 623 963 715 ubique
999 622 1237 694 fidem
1284 621 1553 695 haberi
1588 646 1848 721 posse,
1923 646 2170 697 unum
2218 618 2679 722 exemplum

467 747 790 845 docebit.
856 748 954 818 In
1000 748 1083 822 Β.
1134 747 1220 817 Ο.
1259 757 1349 836 3,
1404 750 1530 837 63,
1581 760 1634 828 4
1665 748 2146 820 scribendum
2192 771 2356 819 esse
2394 768 2682 824 censet

462 872 684 947 milia
721 892 1075 968 passuum
1119 870 1201 941 in
1246 870 1576 943 circuitu
1621 872 2010 945 XXXVII
2031 895 2225 947 mun.
2257 887 2422 944 erat
2458 895 2681 947 com-

465 996 737 1094 plexus
790 1015 968 1066 cum
996 994 1254 1085 Lipsio
1289 992 1382 1064 de
1415 993 1589 1071 Mil.
1622 993 1678 1066 1.
1711 995 1795 1066 V.
1841 991 1912 1072 d.
1948 1004 2064 1074 13.
2129 996 2349 1069 Hanc
2397 998 2673 1068 conie-

464 1132 759 1187 cturam
783 1114 1087 1208 Lipsius
1141 1114 1226 1202 (1.
1276 1138 1340 1187 c.
1370 1136 1461 1209 p.·
1495 1117 1647 1197 336
1701 1114 1819 1186 ed.
1842 1116 2086 1197 Vesal.
2124 1121 2341 1208 1675,
2398 1122 2478 1213 8)
2510 1123 2668 1193 mi..

458 1240 669 1310 nime
716 1239 1154 1333 proposuit,
1220 1237 1353 1309 sed
1402 1258 1497 1308 ex
1540 1238 1885 1332 Appiano
1930 1233 2043 1334 (B.
2081 1241 2168 1320 C.
2206 1253 2281 1331 2,
2335 1244 2459 1335 61,
2518 1245 2665 1315 ubi

456 1362 608 1439 vid.
637 1362 906 1455 Intn),
959 1364 1091 1456 qui
1127 1362 1437 1435 Caesaris
1473 1343 1938 1433 munitiones
1968 1367 2259 1437 σταδίους
2301 1367 2659 1438 διακοσίους

459 1486 572 1549 καὶ
602 1489 836 1573 χιλίους
869 1489 1303 1576 complexas
1339 1506 1501 1552 esse
1536 1485 1742 1572 dicit,
1797 1506 2231 1571 numerum,
2288 1485 2419 1575 qui
2451 1483 2663 1577 apud

462 1603 833 1672 Caesarem
867 1617 983 1671 est
1019 1604 1105 1691 (1.
1152 1625 1215 1671 c.
1255 1615 1334 1670 et
1363 1613 1411 1678 3
1437 1645 1459 1687 ,
1512 1614 1658 1689 44,
1709 1604 1833 1691 3),
1910 1624 2192 1697 augere
2225 1607 2507 1694 voluit,
2563 1618 2663 1675 ut

455 1719 905 1793 scriberetur
949 1721 1237 1791 scilicet
1262 1732 1555 1792 centum
1609 1722 2164 1812 quinquaginta
2215 1725 2436 1808 milia
2476 1751 2662 1820 pas-

457 1866 694 1919 suum.
792 1841 1114 1914 Errandi
1182 1856 1443 1913 autem
1487 1862 1825 1912 caussam
1873 1840 2407 1932 Oudendorpio
2458 1866 2662 1934 prae-

452 1964 662 2055 buit,
733 1966 938 2059 quod
991 1964 1290 2060 Lipsius
1337 1971 1444 2059 (p.
1480 1963 1663 2059 337)
1711 1983 1803 2031 ex
1838 1962 2216 2040 Plutarch.
2258 1960 2493 2038 Crass.
2547 1977 2656 2044 10

450 2082 1043 2179 commemorat,
1117 2088 1366 2161 Crassi
1407 2101 1668 2169 contr-,a
1703 2086 2152 2178 Spartacum
2182 2083 2658 2152 munitiones

455 2196 887 2304 complexas
908 2235 1068 2284 esse
1097 2224 1431 2284 trecenta
1463 2209 1714 2281 stadia
1744 2208 1900 2279 sive
1925 2205 2294 2280 milliaria
2321 2203 2655 2295 triginta

454 2345 730 2425 septem
777 2355 950 2402 cum
994 2331 1311 2403 dimidio
1345 2329 1474 2399 29).
1502 2364 1607 2386 —-
1637 2331 2016 2402 Ceterum
2064 2326 2651 2418 Oudendorpius

452 2452 953 2552 typographis
1005 2451 1316 2525 tradidit
1364 2451 1803 2546 exemplum
1851 2449 2200 2548 editionis
2239 2450 2647 2522 Graevianae

453 2598 524 2648 n·
565 2585 803 2667 1713,
859 2579 1065 2673 quod
1108 2597 1204 2648 ex
1250 2578 1629 2649 erroribus
1679 2574 1861 2648 inde
1911 2572 2252 2667 repetitis
2287 2588 2645 2666 apparet3

454 2696 737 2768 hurum
773 2701 1067 2789 aliquot
1098 2701 1183 2769 in
1209 2700 1389 2776 edit.
1431 2699 1603 2770 libr.
1628 2698 1724 2769 de
1750 2699 1832 2768 Β.
1855 2696 1947 2771 G.
1981 2696 2405 2783 emendavi,
2463 2695 2647 2767 alios

450 2835 552 2885 ex
584 2837 856 2891 comm.
897 2818 990 2887 de
1020 2802 1101 2892 Β.
1137 2819 1220 2886 C.
1253 2818 1452 2887 infra
1482 2817 1746 2888 tollam
1782 2817 1933 2901 (ad.
1962 2818 2049 2888 Β.
2089 2819 2170 2892 C.
2206 2830 2287 2909 1,
2339 2828 2481 2912 44,
2532 2822 2641 2902 3)-

725 2940 1005 3012 Praeter
1047 2938 1252 3012 hanc
1312 2939 1731 3011 editionem
1775 2939 1946 3010 duoe
1987 2940 2320 3013 minores.
2355 2935 2645 3015 Ouden-

448 3062 713 3160 dorpii
741 3085 1024 3137 nomen
1059 3079 1373 3164 gerunt3
1424 3062 1702 3160 priore,
1755 3083 1923 3156 quae
1955 3063 2382 3160 Lugd.Bat.
2421 3071 2641 3150 1740,

451 3197 528 3275 8,
563 3190 844 3281 prodiit
871 3192 1138 3277 (Ebert
1177 3191 1316 3262 No.
1349 3194 1632 3278 3283),
1689 3186 1984 3261 Daehne
2024 3201 2101 3257 et
2137 3185 2483 3280 Kreyssig
2515 3184 2631 3255 usi

449 3325 687 3399 sunt,
726 3313 1083 3397 alteram,
1136 3313 1382 3405 Lugd.
1410 3314 1572 3392 Bat.
1614 3319 1855 3399 1773,
1922 3321 2013 3400 8,
2066 3309 2227 3403 ipse
2260 3304 2640 3402 usurpavi.

451 3432 549 3504 In
596 3431 1036 3523 praefatione
1069 3431 1212 3518 ait,
1291 3452 1373 3498 se
1427 3429 1680 3501 denuo
1718 3431 1815 3500 ad
1844 3432 2120 3521 priscas
2155 3433 2639 3507 membranas

446 3562 650 3619 totos
681 3554 915 3624 hosce
958 3553 1539 3624 commentarios
1570 3551 1907 3647 exegisse
1944 3566 2172 3644 atque
2201 3600 2224 3645 ,
2280 3570 2368 3627 ut
2403 3577 2639 3648 quam

452 3672 790 3742 minimis
827 3674 1395 3765 typothetarum
1419 3676 1681 3746 erratis
1703 3672 2249 3748 deformaretur
2277 3679 2447 3753 haec
2480 3678 2639 3751 edi·

449 3798 585 3884 tic,
643 3796 1076 3867 cautissime
1112 3802 1507 3874 curavisse.
1609 3797 1902 3869 Multos
1939 3813 2201 3869 autem
2228 3823 2517 3872 errores
2550 3824 2638 3870 ex

452 3920 734 3991 maiore
752 3917 1082 3992 editione
1105 3923 1467 4013 repetitos
1498 3942 1659 3990 esse
1692 3924 2358 4021 monuitKrey'ssig
2391 3923 2632 4020 (praef.

557 4191 648 4262 29)
717 4188 1106 4267 Oudendorpii
1131 4207 1391 4248 errorem
1416 4189 1641 4267 repetiit
1668 4189 1880 4251 Daehne
1907 4188 1979 4247 ad
2014 4189 2054 4246 1.
2077 4207 2126 4245 e.
2151 4208 2276 4265 pag.
2299 4196 2423 4256 404.
2503 4205 2508 4214 ·

2787 450 2795 553 5
