2859 4700
1462 189 1583 280 92

437 408 624 472 esset
652 396 1124 494 signe-‘ficatio
1165 399 1362 490 (cap.
1396 406 1493 478 28
1530 400 1783 484 extr.),
1819 395 2048 466 timor
2085 396 2265 467 oriri
2297 419 2453 467 non
2489 421 2625 492 po-

432 523 631 604 tuit3
683 535 763 589 et
813 539 905 588 ex
948 519 1197 588 verbis
1261 519 1672 612 corruptis,
1760 540 1928 608 quae
1974 519 2172 589 infra
2220 518 2633 616 legunturr

436 665 669 735 neque
699 642 895 714 enim
934 665 1029 711 ex
1057 639 1348 710 Marsis
1390 640 1877 732 Pelignisque
1907 642 2319 729 veniebant,
2373 655 2459 715 ut
2487 645 2627 736 qui

432 765 812 859 superiore
854 774 1066 834 nocte
1107 762 1188 834 in
1231 762 1742 834 contuberniis
1786 776 1921 837 cet.
1940 806 1965 848 ‚
2044 762 2216 833 iure
2262 767 2626 857 suspicari

435 882 633 957 mih'i
664 884 943 974 videor,
1019 883 1250 954 fuisse
1316 886 1402 955 in
1451 885 1799 959 Curionis
1846 884 2104 954 castris
2159 901 2624 958 nocturnum

435 1008 772 1099 aliquem
807 1006 1262 1094 tumultum,
1315 1006 1520 1076 unde
1576 1004 2082 1078 defectionem
2130 1028 2171 1074 a
2226 1007 2501 1077 Marsis
2536 1022 2622 1079 et

432 1129 764 1226 Pelignis
793 1128 1195 1200 oriundam
1224 1127 1509 1220 reliqui·
1527 1130 2101 1222 suspicarentur.
2205 1128 2421 1200 Idem
2448 1127 2608 1196 Lu·

434 1274 672 1326 canus
699 1251 960 1323 testari
990 1250 1291 1323 videtur
1315 1250 1602 1348 (Phars.
1637 1261 1729 1338 4,
1786 1253 1933 1333 699
1964 1253 2192 1341 sqq.)t

1292 1373 1445 1444 sed
1477 1387 1878 1468 postquam
1905 1367 2266 1466 languida
2302 1366 2518 1461 segni

536 1496 799 1569 Cernit
827 1509 1099 1567 cuncta
1130 1511 1387 1583 metu,
1441 1510 1944 1585 nocturnaque
1972 1492 2230 1565 munia
2264 1488 2455 1560 valli

528 1619 893 1689 Desolata
911 1612 1160 1706 fuga,
1213 1615 1507 1706 trepida
1547 1618 1652 1684 sic
1685 1630 1941 1686 mente
1972 1615 2337 1707 profatur.

692 1739 982 1823 ltaque,
1016 1734 1161 1803 nisi
1194 1734 1441 1819 fallor,
1512 1732 1875 1804 vocabula
1919 1756 2091 1804 nam
2141 1736 2213 1804 is
2264 1730 2323 1797 2)
2370 1752 2468 1802 ex
2506 1752 2633 1802 se-

428 1855 699 1949 quenti
730 1855 993 1930 vocab.
1022 1854 1261 1928 variis
1282 1869 1446 1923 orta
1465 1869 1644 1923 sunt
1667 1850 2048 1948 (scribitur
2076 1854 2384 1923 enimin
2400 1854 2631 1934 codd.

427 1973 529 2055 ηᾶ
565 1982 635 2050 is
666 1993 748 2049 et
772 1978 1041 2067 uariis,
1092 1976 1409 2047 fortasse
1444 1977 1675 2045 etiam
1707 1976 1979 2074 uaris),
2009 1990 2127 2045 =ut
2142 1976 2627 2071 iungendum

426 2102 527 2173 sit
560 2103 794 2173 timor
819 2100 1061 2172 variis
1091 2101 1283 2172 hom.
1312 2120 1528 2172 serm.
1578 2098 1715 2169 cel.
1749 2109 2110 2188 nugatum
2167 2111 2338 2188 post
2387 2099 2626 2169 inces-

424 2226 535 2297 sit
568 2238 825 2327 autem
865 2221 1218 2314 quoedam
1259 2206 1750 2309 excideruntss,
1797 2240 1967 2310 quae
2019 2218 2473 2292 coniecturis
2497 2243 2613 2292 re-

420 2347 641 2419 stitui
668 2342 826 2416 ndn
861 2356 1200 2435 possunt.
1908 2353 1911 2362 ’

698 2465 889 2558 Quae
918 2464 1189 2536 deinde
1223 2476 1674 2554 sequuntur,
1718 2484 1897 2533 sana
1929 2461 2320 2552 videntur,
2370 2481 2589 2552 usque

423 2585 522 2660 ad
549 2585 780 2658 verba
823 2585 1400 2676 Civik·beHum;
1451 2586 1583 2656 sed
1625 2585 1811 2656 hinc
1846 2585 2059 2657 locus
2106 2582 2608 2678 desperatissi-

422 2731 599 2778 mus
629 2709 897 2801 incipit
920 2753 947 2796 ‚
1021 2708 1114 2778 de
1144 2730 1298 2801 quo
1339 2709 1424 2780 in
1462 2707 1900 2782 universum
1935 2708 2088 2778 hoc
2143 2703 2614 2778 monendum

422 2826 769 2914 videtur,
823 2830 1194 2898 Caesarem
1217 2873 1242 2915 ,
1295 2831 1613 2899 summis
1644 2829 2168 2900 tantummodo
2199 2850 2458 2903 rerum
2488 2850 2615 2901 ca-

420 2947 711 3043 pitibus
758 2947 1042 3040 allatis,
1093 2950 1443 3044 'rationes
1489 2972 2125 3039 commemorare,
2196 2974 2329 3021 cur
2374 2949 2619 3021 duces

418 3085 502 3142 et
534 3071 856 3161 milites,
912 3073 1042 3164 qui
1096 3073 1413 3144 Caesaris
1457 3076 1789 3168 partium
1840 3089 2130 3163 essent,
2181 3086 2617 3152 ceterorum

414 3193 932 3266 defectionem
982 3193 1343 3267 timerent
1386 3196 1465 3266 3).
1583 3196 1835 3268 Prima
1870 3199 2103 3268 verba
2136 3197 2242 3267 ita
2276 3192 2615 3265 scriben-

412 3314 518 3387 da
547 3316 940 3389 videntur:
964 3318 1197 3388 Ciuile
1221 3317 1790 3409 bellum3·genus
1803 3320 2179 3391 hominum
2214 3316 2622 3404 (nimirum

556 3647 612 3715 2)
693 3647 842 3702 Nam
866 3650 1018 3721 quod
1044 3651 1104 3704 in
1137 3651 1325 3705 Havn.
1339 3650 1410 3706 A.
1436 3658 1495 3703 et
1513 3646 1632 3704 aliis
1657 3646 1891 3703 sortasse
1916 3648 2093 3717 codd„
2120 3648 2251 3706 licet
2276 3651 2422 3706 nihil
2445 3660 2620 3706 nota-

687 3746 812 3791 tum
838 3739 909 3791 sit
928 3779 943 3805 ‚
979 3740 1245 3794 scribitur
1269 3761 1401 3795 nam
1428 3742 1522 3795 his
1537 3782 1551 3808 ,
1590 3740 1839 3811 vulgaris
1864 3758 2034 3796 error
2059 3751 2156 3796 est.

554 3828 611 3898 3)
688 3826 918 3882 Falsum
940 3838 1023 3882 est
1044 3831 1212 3899 enim,
1239 3833 1393 3905 quod
1418 3832 1566 3888 Held
1592 3832 1751 3887 dicit:
1788 3834 1896 3888 ”Es
1925 3852 2056 3905 mag
2074 3833 2253 3889 daber
2279 3831 2621 3888 hinreichen

682 3920 763 3978 im
794 3920 1186 3993 Aligemeinen
1221 3942 1291 3980 zu
1328 3923 1676 3991 hemetheri,
1715 3924 1840 3981 dass
1876 3925 1971 3981 ihr
2004 3925 2194 3982 Inhalt
2231 3926 2356 3980 eine
2397 3923 2624 3980 nfihere

622 4057 631 4064 ,
681 4012 1299 4087 Auseinandersetzung
1324 4017 1427 4072 der
1453 4015 1691 4070 Grt'inde
1728 4035 1882 4073 muss
1916 4035 2163 4088 gewesen
2200 4019 2367 4091 steyn,
2403 4013 2622 4071 welche

683 4105 770 4159 die
810 4106 1076 4164 Soldaten
1117 4106 1336 4163 Curio's
1371 4127 1476 4162 zur
1517 4107 2020 4165 Unzufriedenheit
2056 4109 2177 4166 und
2203 4128 2273 4165 zu
2298 4104 2622 4163 aufrt‘ihre-

684 4197 908 4254 rischen
931 4199 1246 4258 Gedanken
1271 4199 1603 4256 brachten.”
