2859 4700
1202 180 1237 273 Ἃ
1308 217 1424 309 91

207 473 214 480 ·
273 442 457 514 101,
511 438 601 510 33
657 427 844 498 Bell.
889 427 1100 497 Alex.
1139 435 1231 513 7,
1303 439 1388 509 13
1443 425 1578 498 cfr.
1633 425 1812 501 Liv.'
1847 436 1932 513 2,
1989 432 2126 518 27,
2188 438 2321 508 103
2377 432 2452 512 9,

271 562 323 631 4
352 599 375 638 ν
431 553 557 635 6)3
615 549 745 618 Sed
783 547 958 617 inde
997 549 1335 618 nondum
1379 549 1724 638 sequitur
1774 548 1920 618 dici
1967 569 2186 640 posse
2232 546 2458 618 timor

272 674 596 757 omnium
643 672 993 754 incessit3
1065 694 1242 740 nam
1292 669 1421 739 ubi
1481 670 1692 739 nulla
1760 670 2059 738 additur
2108 691 2454 762 persona,

269 795 473 863 hanc
505 794 972 863 locutionem
1005 795 1099 863 de
1135 794 1474 862 omnibus
1513 791 2085 886 inteliigendam
2117 802 2276 860 esse
2327 813 2457 883 pa·

268 936 421 1001 tet3
476 940 609 986 cur
659 918 895 1012 igitur
937 914 1014 982 h.
1049 915 1099 990 1.
1131 913 1427 983 additur
1458 914 1807 997 omnium,
1859 913 2487 1008 praecedentibus⁴

258 1043 675 1136 'praesertim
715 1037 965 1107 verbis
1002 1038 1085 1106 in
1113 1036 1391 1107 castris
1422 1036 1819 1105 Curionis?
1920 1036 2030 1105 Ex
2070 1037 2302 1126 copia,
2343 1035 2459 1104 in-

264 1166 573 1253 quient,
644 1160 920 1229 Caesari
971 1144 1344 1232 familiaii.
1462 1159 1632 1226 Huc
1682 1171 2093 1246 utcumque
2148 1156 2456 1243 ferrem,

266 1286 331 1352 si
376 1283 586 1350 nulla
641 1280 786 1350 alia
854 1281 961 1375 de„
1001 1300 1260 1351 caussa
1318 1279 1530 1348 loeus
1582 1262 1974 1371 suspectus
2020 1293 2259 1365 essen
2327 1277 2460 1349 sed

269 1402 642 1473 accedunt
695 1401 924 1470 verba
969 1424 1139 1472 nam
1183 1401 1294 1487 is,
1351 1422 1520 1492 quae
1577 1416 1924 1492 corrupta
1961 1422 2120 1469 esse
2159 1423 2313 1469 non
2346 1414 2462 1469 est

272 1525 583 1595 difficile
617 1523 910 1604 videre-3
964 1522 1144 1612 quid
1183 1523 1441 1593 enim?
1496 1524 1723 1593 verba
1766 1542 1934 1595 nam
1981 1521 2052 1591 is
2097 1557 2199 1575 -
2235 1545 2459 1613 auge·

272 1662 402 1718 tur
445 1646 639 1715 nihil
669 1644 1101 1716 offensionis
1138 1644 1532 1733 haberent,
1583 1646 1645 1716 si
1680 1647 2025 1714 universe
2068 1645 2315 1713 Caesar
2351 1643 2457 1714 di-

270 1792 442 1838 cere
473 1769 856 1850 voluisse13
913 1766 1047 1835 sed
1080 1788 1169 1834 ex
1203 1768 1696 1860 sequentibus
1733 1767 2239 1858 unusquisque
2269 1767 2462 1838 enim

260 1888 642 1998 opz'nidsnes
666 1890 1030 1987 fingebat
1063 1902 1198 1960 cet.
1231 1904 1474 1981 patet,
1528 1891 1659 1964 hic
1684 1889 2212 1960 tantummodo
2242 1889 2336 1958 de
2368 1912 2460 1959 eo

254 2015 535 2092 timore
565 2033 992 2082 sermonem
1033 2032 1220 2093 esse,
1276 2011 1404 2097 qui
1438 2023 1621 2078 tunc
1664 2012 2025 2103 temporis
2062 2011 2146 2081 in
2201 2011 2460 2081 castris

264 2131 617 2198 Curionis
648 2144 844 2213 erat,
899 2130 1028 2217 qui
1081 2149 1215 2199 cur
1251 2141 1518 2197 auctus
1561 2131 1819 2218 fuerit,
1874 2146 2129 2223 postea
2167 2134 2458 2207 dicitur.

265 2251 452 2318 Haec
482 2253 863 2342 perspexit
891 2253 987 2325 D.
1025 2252 1368 2342 Vossius,
1424 2251 1554 2341 q'ui
1584 2252 2059 2325 scribendum
2095 2255 2456 2327 coniecit:

260 2394 576 2464 magnus
612 2374 928 2445 omnium
974 2375 1277 2445 incessit
1309 2376 1575 2445 timors
1600 2378 1855 2453 animi.
1956 2378 2040 2446 Is
2076 2400 2231 2448 var.
2282 2391 2460 2461 οιαὶ

258 2495 393 2564 sed
447 2497 653 2565 hunc
696 2497 1095 2567 verborum
1147 2496 1494 2566 ordinem
1541 2498 1722 2566 ferri
1774 2522 1928 2568 non
1989 2520 2250 2589 posse,
2304 2502 2461 2570 iam

266 2614 535 2683 Clarke
585 2617 795 2686 vidit.
917 2618 1268 2690 Davisius
1317 2634 1572 2688 autem
1625 2616 1738 2710 (in
1787 2619 2003 2687 Curis
2054 2619 2456 2705 Secundis)

266 2734 463 2803 nihil
493 2737 793 2809 facilius*
826 2761 987 2809 esse
1019 2740 1325 2829 iudicat,
1379 2729 1609 2832 quam
1631 2740 1942 2810 Caesa-ris
1969 2761 2301 2827 manum·
2328 2742 2456 2813 ad·-

258 2858 509 2946 sequi=
570 2862 1058 2931 scribendum
1124 2865 1327 2934 enirn
1390 2887 1709 2956 magnus
1764 2885 2011 2934 omnes
2073 2859 2253 2953 (hoc
2301 2864 2458 2933 iam

248 2979 560 3054 Hotom.
586 2985 1048 3077 coniecerat)
1087 2986 1390 3057 incessit
1429 2989 1700 3066 timon·
1732 3009 1899 3057 nam
1929 2988 1998 3058 is
2024 2985 2261 3055 variis
2280 3001 2408 3059 cet.
2431 3011 2461 3073 3

246 3103 523 3193 saepius
582 3108 791 3173 enim
856 3106 1006 3173 dici
1072 3106 1372 3190 aliquid
1453 3105 1780 3193 aliquem
1853 3108 2254 3192 incessam
2323 3107 2459 3180 sed

250 3225 424 3309 quis
449 3224 597 3292 hoc
628 3221 985 3316 ignoxjat?
1034 3242 1311 3314 verum·
1338 3220 1477 3292 ista
1509 3225 1799 3293 ratione
1847 3247 2260 3319 puerorum
2292 3252 2458 3324 spe-

264 3338 550 3410 cimina
583 3342 1025 3438 corrigenda
1053 3357 1250 3431 sunt,
1303 3366 1460 3414 non
1496 3359 1785 3419 veteres
1815 3350 2235 3442 scriptores,
2314 3352 2456 3424 Fa-

251 3458 480 3531 cilius
508 3462 782 3535 ferrem
833 3465 1145 3537 alteram
1202 3469 1617 3540 Hotomani
1669 3474 2180 3545 coniecturam
2225 3475 2455 3547 omni-

257 3604 380 3651 um
410 3600 716 3672 mentes-3
770 3567 894 3658 sec
924 3612 1020 3658 ne
1057 3589 1223 3661 haec
1265 3594 1577 3684 quidem
1612 3616 1773 3664 rem
1813 3596 2158 3682 conficit3
2224 3618 2456 3689 appa-

251 3719 374 3773 ret
424 3708 667 3797 enim,
743 3710 947 3799 quod
1003 3711 1209 3782 idem
1266 3715 1575 3789 Hotom.
1641 3715 1872 3805 vidit,
1959 3716 2089 3789 hic
2167 3719 2455 3809 aliquid

246 3823 525 3904 deesse.
660 3834 1055 3923 Nusquam
1113 3836 1320 3905 enim
1370 3836 1690 3924 dieitur,
1770 3839 1974 3911 unde
2033 3840 2164 3911 hic
2224 3841 2455 3914 timor
2563 3839 2567 3843 *

245 3964 451 4019 ortus
487 3952 628 4036 sit3
679 3976 855 4024 nam
885 3955 1112 4040 inde,
1169 3956 1375 4046 quod
1427 3959 1501 4028 S.
1562 3959 1976 4050 Quintilius
2022 3958 2258 4032 Varus
2297 3962 2450 4031 Cu-

242 4070 474 4166 rionis
506 4075 784 4145 milites
825 4078 918 4147 ad
948 4055 1453 4149 defectionem
1488 4079 1886 4178 sollicitune
1925 4093 2240 4152 conatus
2263 4098 2444 4171 erat,

245 4216 485 4286 quum
521 4201 807 4275 nullam
851 4201 936 4277 in
972 4213 1266 4296 partem
1288 4203 1409 4278 ‚ab
1458 4203 1790 4277 exercitu
1833 4206 2178 4280 Curionis
2218 4202 2446 4302 facta
