2859 4700
1563 178 1688 272 28
2819 204 2820 269 s

536 390 986 465 ἰιιῶὸαηάὰε
1057 386 1290 483 >teque
1324 380 1741 487 ‘qict‘cham
1772 417 1922 465 non
1952 378 2411 489 perpensum.
2433 372 2542 466 ‘ex
2569 419 2739 490 quo

529 511 871 611 effectum
916 522 1070 583 esta
1156 523 1245 582 ut
1280 532 1526 610 pauca
1575 516 1972 589 admodum
2014 530 2336 588 restent:
2415 538 2587 612 quae
2644 521 2743 590 in

528 659 749 709 suum
790 638 1111 711 nitorem
1152 641 1511 711 restituta
1544 665 1689 714 non
1730 645 1905 715 sint.
1944 642 2075 710 sed
2123 653 2200 710 et
2232 634 2747 733 eas-fortasse

526 761 813 853 alzquis
849 761 1258 854 aliquando
1302 756 1633 836 maculas
1673 767 2053 857 deterget.-
2118 762 2335 834 nobzs
2381 765 2482 834 id
2522 765 2748 837 satis
2823 762 2824 797 ³

523 885 635 957 sit
660 885 945 978 egisse·
995 898 1085 956 ut
1107 900 1500 981 perpauca·
1524 891 1822 963 omnino
1851 886 2158 979 reliqua»
2187 885 2362 961 sint.
2481 862 2739 978 Quod

530 1020 790 1076 autem
843 1006 1262 1079 Schneider
1306 1010 1413 1082 ait
1469 1004 1672 1110 (pag.
1729 1012 1856 1110 8),
1951 1010 2064 1086 Jo.
2121 1005 2559 1081 Ju'cundum
2617 1026 2739 1073 ex

528 1128 704 1199 edit.
758 1126 1069 1197 Iuntina
1121 1124 1416 1221 partem
1465 1150 1775 1204 suarum
1827 1132 2450 1205 emendationum
2510 1127 2740 1197 hau-

525 1246 750 1337 sisse,
814 1249 953 1318 ubi
999 1264 1257 1320 autem
1295 1251 1391 1321 ab
1440 1271 1531 1322 ea
1570 1251 1952 1343 discedat,
2030 1255 2156 1323 vel
2189 1255 2441 1325 minus
2490 1249 2734 1320 bonae

521 1368 801 1443 indolis
856 1370 1196 1466 codiceS,
1298 1368 1760 1466 quamquam
1804 1397 1961 1446 non
2015 1373 2499 1462 deterrimos,
2593 1372 2730 1442 vel

523 1514 754 1563 suum
789 1494 1182 1580 iudicium,
1238 1496 1359 1564 vel
1397 1499 1731 1566 virorum
1767 1497 2160 1566 doctorum
2176 1495 2503 1568 Venetiis
2540 1510 2727 1566 tum
2829 1518 2830 1523 ’

522 1636 678 1684 una
725 1615 1143 1684 viventium
1201 1613 1675 1684 coniecturas
1718 1630 2069 1685 secutum
2107 1639 2304 1703 esse,
2362 1617 2513 1690 hoc
2554 1618 2723 1687 for·
2831 1674 2832 1685 ,

518 1747 723 1804 tasse
765 1732 859 1803 de
905 1732 1323 1805 minoribus
1355 1734 1922 1805 commentariis
1954 1736 2201 1820 valet,
2272 1736 2368 1805 de
2404 1739 2716 1809 Comm-

521 1868 785 1928 autem
818 1855 912 1928 de
932 1859 1016 1932 B.
1053 1855 1146 1928 G.
1176 1877 1330 1929 non,
1359 1856 1584 1944 valet,
1633 1856 1694 1927 si
1720 1874 1985 1933 verum
2020 1867 2160 1942 est,
2183 1834 2607 1925 ⁸editionem
2635 1884 2711 1931 a.

526 1987 721 2061 1511
753 1978 848 2051 ad
876 1981 1290 2052 editionem
1324 1978 1715 2053 Juntinam
1743 1996 2096 2051 excusam
2131 1998 2314 2052 esse.
2393 1970 2704 2046 Utram'·

524 2125 673 2196 que
709 2123 849 2195 per
898 2118 1151 2176 totum
1196 2107 1278 2179 B.
1315 2102 1407 2179 G.
1446 2101 1777 2184 contu1i;
1859 2102 1943 2171 in
1992 2100 2108 2173 ed.
2141 2105 2333 2178 1511
2382 2090 2708 2189 optimo-
2825 2080 2837 2171 4

523 2248 700 2296 rum
736 2227 951 2295 codd.
985 2228 1383 2315 scripturas
1412 2246 1610 2316 saepe
1640 2238 1979 2315 receptas
2011 2219 2205 2305 vidi,
2298 2218 2430 2289 sed
2476 2217 2708 2314 longe
2834 2194 2836 2279 ἕ

522 2343 792 2435 soepius
832 2344 912 2412 in
951 2342 1119 2411 edd.
1158 2341 1451 2412 Aldinis
1479 2342 1863 2439 leguntur,
1925 2358 2009 2412 ut
2044 2362 2530 2433 nequaquam
2568 2338 2711 2411 du-

520 2463 764 2535 bitem
785 2513 809 2557 ,
863 2453 1303 2538 Juc'undu'm
1335 2477 1467 2535 aut
1500 2479 1744 2535 unum
1784 2478 1918 2533 aut
1945 2463 2197 2556 plures
2229 2462 2440 2540 codd.
2484 2484 2575 2532 ex
2625 2484 2710 2533 o·

519 2593 761 2684 ptimo
815 2611 1095 2688 genere
1131 2588 1341 2687 (nam
1376 2609 1533 2657 non
1555 2596 1727 2658 ‘raro
1761 2585 2053 2657 Aldinae
2086 2586 2454 2659 lectiones
2488 2586 2709 2658 codd.

518 2714 821 2782 Andino
859 2727 937 2781 et
966 2716 1374 2787 oxoniensi
1412 2711 1847 2799 firmantur)
1885 2709 2280 2797 habuisse,
2336 2710 2517 2779 licet
2546 2733 2705 2780 non

518 2851 846 2925 negem,
892 2828 1316 2930 ‘aliquoties
1364 2828 1837 2897 coniecturas
1877 2830 1959 2896 in
2013 2841 2309 2900 textum
2361 2847 2703 2923 receptas

516 2951 781 3022 videri.
802 2984 903 3003 -
932 2948 1187 3020 Editio
1223 2967 1289 3016 a.
1325 2950 1521 3030 1519
1555 2948 1734 3039 (qua
1767 2950 2093 3021 maxime
2128 2974 2307 3023 usus
2340 2975 2539 3042 sum,
2592 2954 2700 3024 al.

515 3089 763 3149 teram
792 3084 1088 3161 autem,
1142 3071 1273 3142 ubi
1308 3090 1496 3165 opus
1530 3092 1687 3141 esse
1722 3069 2153 3162 videbatur,
2221 3059 2545 3171 inspexi>
2599 3076 2696 3148 ad

514 3199 849 3296 priorem
879 3195 982 3267 ita
1016 3217 1286 3269 excusa
1327 3208 1443 3267 est
1464 3246 1488 3290 ,
1543 3212 1633 3268 ut
1671 3199 1965 3296 paginae
1995 3199 2288 3297 paginis
2336 3199 2487 3269 fere
2517 3193 2686 3266 ubi·

517 3345 669 3415 que
705 3314 1247 3413 respondeant,
1321 3335 1609 3389 errores
1653 3335 1910 3392 autem
1942 3323 2058 3391 ed.
2098 3305 2291 3404 1513
2339 3320 2692 3414 (quorum

517 3444 748 3519 index
782 3445 944 3516 fere
979 3456 1146 3512 octo
1178 3440 1494 3537 paginas
1514 3440 1813 3533 implet)
1846 3441 2295 3535 plerumque
2315 3445 2694 3541 corrigan-

513 3582 665 3638 tur.
768 3569 1155 3664 Imagines
1194 3579 1450 3636 autem
1485 3564 1570 3634 in
1606 3563 1722 3639 ed.
1754 3569 1951 3647 1519
1980 3563 2482 3663 elegantiores
2513 3580 2691 3637 sunt

474 3769 483 3777 ,
516 3709 746 3782 quam
775 3690 859 3759 in
888 3689 1004 3764 ed.
1042 3697 1274 3782 1513,
1326 3685 1644 3778 duaeque
1695 3686 1778 3757 in
1818 3686 1949 3757 illa
1990 3703 2169 3790 sunt
2192 3690 2470 3761 tabulae
2510 3711 2687 3788 geo·

514 3810 936 3913 graphice,
1004 3832 1322 3903 quarum
1378 3811 1581 3903 prior
1638 3824 1938 3881 tantum
1987 3813 2069 3883 in
2113 3811 2272 3881 hac·
2301 3814 2685 3904 reperiun-

513 3952 656 4007 tur.
730 3917 1113 4009 omissum
1151 3946 1266 4002 est
1297 3947 1558 4003 autem
1594 3932 1674 4004 in
1705 3919 1931 4006 titulo
1959 3935 2071 4009 ed.
2098 3941 2288 4019 1519
2316 3934 2684 4008 indicium

512 4057 978 4131 Litterarum
1026 4058 1235 4135 Max.
1271 4054 1771 4146 Pontificum,
1851 4081 1942 4131 ne
1990 4059 2162 4150 quis
2206 4057 2440 4158 lilqros
2496 4077 2683 4129 cura

511 4188 776 4248 nostra
806 4203 1114 4255 excusos
1142 4184 1523 4278 imprimat
1557 4194 1694 4258 cet.
1721 4197 1900 4256 “cum
1931 4177 2103 4274 ipsis
2137 4180 2454 4273 litteri8‚·
2512 4201 2676 4271 quae
