2859 4700
1500 206 1620 296 36

730 409 993 483 Jacobi
1021 408 1309 480 Strndoe
1329 409 1752 510 editionem,
1777 416 2256 489 Francofurti
2278 418 2373 489 ad
2390 421 2667 501 Moen.

471 541 661 614 1575
710 533 841 601 fol·
877 527 1140 625 (Ebert
1177 532 1315 607 No
1354 536 1613 626 3269),
1649 540 2084 609 Vascosanae
2117 545 2670 635 repetitionem

462 677 664 740 esse,
734 653 1085 730 Oudend.
1143 658 1444 727 monuit
1491 640 1737 744 (Prae'f.
1782 683 1856 754 p.
1910 665 2054 750 X),
2124 665 2353 756 idque
2387 691 2669 740 verum

460 798 626 845 esse
662 777 922 848 inveni
946 824 969 866 ,
1040 778 1333 870 quoties
1372 802 1541 853 eam
1575 784 1965 869 consului3
2014 785 2251 858 habet
2290 792 2521 860 etiam
2557 794 2670 865 ad

459 902 887 998 marginem
908 906 1339 971 Vascosanae
1370 922 1818 999 argumenta
1851 923 1927 978 et
1950 909 2184 979 varias
2201 913 2606 1005 scripturas
2632 938 2666 998 ς

464 1026 818 1117 apposuit
865 1039 1123 1095 autem
1153 1027 1573 1098 Hotomani
1626 1033 1892 1125 capita.
2011 1034 2181 1103 Non
2212 1035 2438 1127 plane
2467 1056 2665 1107 cum

457 1150 872 1218 Vascosana
940 1146 1366 1218 consentire
1438 1150 1763 1225 affirmat
1823 1154 2160 1244 Daehne,
2287 1158 2422 1250 qui
2477 1179 2666 1230 eam

457 1268 838 1341 consuluit
920 1272 1166 1356 (Praef.
1219 1293 1293 1364 p.
1348 1272 1472 1342 vl.
1521 1276 1655 1346 cfr.
1707 1252 1799 1353 G.
1831 1278 2222 1349 Seebodes
2278 1278 2666 1352 Kritische

459 1391 899 1467 Bibliothek
936 1415 1003 1462 a.
1024 1404 1216 1475 1821
1246 1416 1418 1490 pag.
1453 1402 1786 1486 733—791
1813 1413 1892 1470 et
1914 1400 2393 1498 1048·1053)·
2445 1403 2667 1477 Mihi

455 1512 624 1587 haec
671 1537 792 1583 res
841 1535 1000 1582 non
1051 1519 1247 1585 tanti
1291 1518 1730 1606 videbatur,
1796 1540 1885 1593 ut
1933 1527 2077 1595 has
2122 1527 2489 1598 editiones
2515 1546 2665 1618 pet

455 1636 714 1700 omnia
749 1626 949 1699 inter
977 1652 1054 1696 se
1092 1635 1632 1719 comparandas
1666 1659 1826 1704 esse
1860 1657 2237 1729 putarem.
2345 1650 2662 1742 Legun-

450 1767 581 1819 tur
632 1762 892 1817 autem
943 1745 1025 1814 in
1061 1748 1209 1815 hac
1240 1748 1620 1838 editione,
1675 1775 1843 1842 quae
1876 1760 2348 1853 imaginibus
2383 1784 2658 1841 ornata

452 1885 603 1957 est,
662 1868 1061 1954 Glareani,
1133 1869 1591 1959 Hotomani,
1669 1874 1963 1963 Ursini,
2016 1880 2347 1951 Manutii
2382 1888 2651 1956 Anno-

451 1995 768 2065 tationes
822 2009 901 2063 et
956 1991 1952 2089 compluresinscriptiones
1995 2000 2088 2071 ab
2134 2001 2299 2094 ipso
2349 2004 2666 2079 editore,

453 2117 810 2205 collectae.
845 2150 950 2170 ·-
991 2116 1240 2209 Quam
1272 2114 1434 2185 eius
1468 2120 2005 2212 repetitionem
2039 2145 2101 2197 a.
2129 2129 2325 2207 1589
2358 2127 2655 2253 factat}

453 2254 1054 2313 commemorant
1085 2239 1473 2331 Bipontini
1518 2262 1688 2337 pag.
1725 2243 1985 2333 LXII,
2050 2267 2221 2314 eam
2247 2268 2413 2318 non
2443 2248 2598 2319 vidi
2626 2272 2657 2336 ς

451 2362 612 2432 vidi
665 2375 921 2430 autem
968 2362 1221 2447 aliam,
1290 2360 1414 2432 cui
1465 2380 1941 2435 accesserunt
1983 2369 2255 2440 tabuloe
2293 2383 2659 2465 topogra-

442 2483 688 2578 phicoe
706 2484 851 2554 ἀνι·
883 2485 1137 2554 incisce
1176 2494 1252 2554 et
1293 2482 1658 2577 imagines
1689 2489 2233 2586 proecipuarum
2267 2497 2661 2572 machina-

451 2591 625 2679 rum
678 2608 1119 2682 bellicarum
1135 2654 1157 2697 ,
1228 2630 1553 2701 quarum
1572 2614 1785 2704 'apud
1819 2617 2175 2687 Caesarem
2203 2622 2475 2691 mentio
2507 2636 2654 2712 est,

451 2753 623 2800 cum
648 2753 853 2818 ‚nova
897 2733 1381 2823 explicatione
1406 2744 1484 2800 et
1514 2737 1929 2811 recensione
1957 2739 2066 2814 M.
2092 2742 2173 2815 Z.
2210 2741 2647 2825 Boxhornii.

450 2831 696 2942 lugd.
731 2850 1009 2931 Batav.,
1051 2851 1400 2918 Prostant
1445 2852 1529 2917 in
1559 2855 1876 2924 officina
1894 2858 2383 2935 Elseviriana.
2425 2871 2644 2949 1635,

450 2972 586 3039 Est
646 2987 945 3059 prorsus
1013 2966 1282 3036 eadem
1348 2967 1625 3066 editio,
1717 2977 1842 3048 cui
1883 3000 2127 3052 novus
2173 2982 2444 3059 titulus
2507 2990 2645 3063 da-

455 3106 581 3162 tus
615 3104 747 3163 est.
2269 3195 2272 3200 μ

721 3213 1019 3284 Novam
1071 3193 1632 3309 recensionem,
1703 3221 1833 3293 sed
1890 3245 2058 3315 quae
2109 3227 2627 3303 aManutiana

448 3357 607 3406 non
674 3333 1007 3404 multum
1073 3337 1426 3426 discedit,
1513 3343 1843 3414 instituit
1883 3350 1948 3421 J.
1994 3351 2328 3444 Lipsius.
2432 3354 2637 3427 Prio-

447 3481 611 3530 rem
659 3454 1114 3543 editionem,
1185 3461 1645 3552 Antwerpiae
1696 3467 1897 3555 apud
1942 3468 2264 3546 Plantin.
2317 3480 2536 3565 1586,
2582 3487 2638 3561 8

450 3582 721 3666 (Ebert
772 3580 911 3649 No.
961 3582 1242 3668 3270),
1282 3567 1473 3651 'non
1525 3580 1723 3669 vidi3
1789 3588 1924 3659 sed
1970 3613 2146 3665 usus
2193 3618 2364 3670 sum
2401 3602 2638 3675 altera

450 3702 808 3788 editione,
848 3697 1016 3790 quae
1065 3702 1172 3775 sic
1224 3704 1693 3780 inscribitur:
1781 3712 1859 3787 C.
1904 3712 1968 3794 J.
2008 3719 2089 3789 C.
2151 3722 2426 3796 Omnia
2462 3748 2637 3819 quae

452 3840 767 3899 exstant.
900 3824 1070 3897 Jam
1126 3825 1425 3919 pridem
1484 3851 1712 3923 opera
1770 3848 1847 3903 et
1883 3838 2380 3919 judicio-viri
2425 3848 2642 3926 docti

452 3949 851 4024 emendata
897 3961 976 4019 et
1004 3948 1226 4025 edita.
1330 3951 1572 4043 Lugd.
1598 3957 1755 4033 Bat.
1798 3981 1891 4028 ex
1929 3963 2123 4032 offic.
2149 3965 2632 4045 Flaminiana

451 4076 655 4168 apud
687 4078 947 4147 Franc.
984 4071 1598 4169 Raphelengium
1631 4087 1851 4169 1593,
1884 4093 1956 4164 8.
2056 4086 2150 4157 In
2185 4092 2500 4182 epistola
2533 4097 2631 4169 ad

451 4195 627 4270 Chr.
679 4196 1120 4271 Plautinum
1164 4197 1272 4269 ait
1322 4196 1569 4270 editor
1614 4223 1693 4271 se
1730 4226 1863 4293 ea,
1915 4228 2080 4299 quae
2107 4233 2150 4283 a
2183 4212 2353 4300 vixis
2386 4216 2632 4293 doctis
