2859 4700
716 328 854 399 De·
879 325 1024 395 isto
1068 323 1382 415 quidem
1415 324 1824 399 indicativo
1855 327 1937 397 in
1966 332 2636 407 enuntiationibus

452 451 846 523 obiectivis
893 446 1049 518 hoc
1091 449 1173 517 in
1222 449 1655 523 universum
1706 449 2267 542 observandum
2308 456 2636 545 videtur,

428 572 798 665 'nondum
851 591 1315 661 quemquam
1356 593 1520 639 rem
1569 571 1674 640 ita
1712 584 2112 661 tractasse,
2169 592 2255 646 ut
2286 577 2379 648 ad
2413 578 2632 668 liqui-

449 696 632 764 dum
690 690 1046 786 perducta
1099 693 1247 761 dici
1294 691 1562 785 possit:
1615 692 1792 764 satis
1820 691 2253 767 habuerunt
2287 698 2632 790 plerique

447 815 790 909 exempla
827 834 919 884 ex
956 812 1395 909 vulgaribus
1433 814 1816 885 interdum
1850 814 2306 889 editionibus
2338 821 2631 911 prolata

447 958 852 1034 congerere
902 949 981 1006 et
1033 937 1130 1008 ad
1187 936 1574 1012 elios-VV.
1629 940 1839 1024 DD.,
1905 938 2039 1029 qui
2076 939 2418 1009 eamdem
2454 963 2627 1013 rem

444 1073 903 1146 tractarunt,
1024 1059 1340 1129 lectores
1442 1058 1838 1156 ablegare3
1929 1059 2268 1131 nondum
2361 1077 2624 1134 autem

446 1182 743 1268 omnia,
793 1202 963 1272 quse
998 1202 1039 1285 ᾳ
1092 1181 1440 1274 pluribus
1478 1181 1789 1254 collecta
1826 1196 2029 1269 sunt,
2060 1181 2142 1251 in
2170 1205 2408 1252 unum
2438 1206 2617 1255 con-

445 1319 652 1400 gesta
674 1317 750 1372 et
780 1303 871 1373 ad
894 1304 1170 1374 criticae
1193 1305 1370 1374 artis
1399 1305 1696 1401 regulas
1731 1305 2156 1374 examinata
2178 1319 2389 1372 sunt:
2423 1302 2632 1392 quod.

447 1426 850 1517 quominus
886 1426 1035 1496 hoc
1074 1428 1243 1500 loco
1275 1428 1575 1514 faciam,
1631 1448 1866 1517 quum
1902 1427 2047 1496 alia
2084 1427 2413 1510 obstant,
2461 1438 2658 1494 tum·

445 1548 649 1638 quod
686 1547 849 1614 haec
876 1550 1195 1636 quaestio
1220 1570 1263 1615 a
1302 1550 1608 1617 Caesaris
1642 1548 1932 1638 scriptis
1957 1548 2206 1617 aliena
2245 1564 2400 1628 est3
2449 1567 2641 1615 nam

444 1666 645 1758 quod
666 1665 1068 1733 Oberlinus
1096 1667 1236 1734 ait:
1269 1661 1660 1756 ”frequens
1691 1679 1807 1733 est
1837 1666 1916 1733 id
1952 1668 2390 1740 ἀνακόλουθον
2425 1665 2643 1759 apud

442 1786 787 1855 nostrum
805 1780 878 1875 ,”
944 1784 1094 1855 hoc
1139 1806 1376 1877 quum
1404 1785 1635 1853 verbo
1674 1785 2191 1874 affirmaverit,
2246 1791 2483 1861 verbo
2518 1815 2639 1862 se·-

441 1909 545 1978 tis
578 1918 693 1975 est
721 1928 1041 2003 negaret
1093 1906 1395 1978 nullum
1431 1906 1636 1979 enim
1671 1909 1834 1978 eius
1861 1909 2156 2004 generis
2189 1912 2644 2004 exemplum

332 2072 337 2081 ·
441 2032 524 2104 in
553 2024 859 2102 caesaris
890 2029 1185 2124 scriptis
1216 2029 1518 2126 legitur.

708 2154 883 2228 Non
916 2175 1225 2248 possum
1253 2152 1490 2247 igitur
1524 2150 1657 2223 hic
1696 2170 1978 2221 omnes·
2012 2147 2187 2221 illos
2220 2148 2427 2226 locos
2476 2169 2642 2228 tra-

442 2300 668 2374 ctare,
723 2301 912 2374 quos
943 2272 1411 2371 collegerunt
1443 2260 1585 2345 xiiri
1617 2273 1859 2360 docti,
1911 2293 2236 2364 quorum
2277 2277 2616 2349 nonnum

438 2410 596 2480 iam
669 2405 764 2474 eb
842 2399 1044 2473 Oud.
1114 2411 1191 2465 et
1238 2396 1565 2467 Daehnio
1615 2395 1903 2466 laudati
1954 2412 2167 2467 sunt:
2239 2400 2599 2491 Wopkens

441 2532 655 2603 Lect.
693 2525 896 2601 Tull.
937 2534 981 2603 2
1017 2543 1079 2599 c.
1112 2527 1165 2601 -5
1206 2526 1310 2612 (p.
1335 2529 1483 2599 144
1521 2541 1627 2611 sq.
1665 2518 1780 2589 ed.
1803 2520 2117 2589 Amstel.
2142 2518 2617 2609 1730),Rud-·

443 2653 625 2728 ssim.
672 2651 1066 2723 ·1nstitutt.
1130 2626 1477 2714 Gramm.
1546 2642 1711 2713 Lat.
1778 2663 1849 2735 p.
1914 2653 1984 2721 2.
2029 2664 2103 2737 p.
2149 2653 2302 2724 347
2351 2665 2455 2736 sq.
2504 2640 2623 2711 ed.

445 2772 746 2857 Stallb.,
802 2770 1159 2839 Garaton.
1197 2764 1291 2834 ad
1331 2765 1485 2856 Cic,
1524 2763 1799 2836 Milon.
1829 2786 1895 2840 c.
1936 2774 2030 2846 18
2057 2775 2135 2858 'p.
2176 2776 2326 2847 220
2355 2788 2456 2858 sq.
2480 2810 2503 2852 ,
2560 2788 2633 2840 c.

343 2922 348 2930 ·
444 2903 542 2973 23
601 2913 675 2984 p.
712 2887 1045 2969 -246‘ed.
1092 2886 1340 2978 Lips.,
1388 2886 1752 2968 ‘Matthiae
1805 2886 1899 2957 ad
1929 2883 2076 2961 Cic,
2109 2891 2329 2957 Rosc.
2362 2892 2636 2960 Amer-

445 3040 508 3091 c.
537 3025 664 3100 30,
699 3023 832 3100 83,
891 3011 1239 3082 Goerenz
1288 3006 1383 3077 ad
1428 3009 1592 3079 Fin.
1638 3016 1712 3099 5,
1753 3021 1875 3097 10,
1910 3022 2011 3092 30
2043 3029 2114 3103 p.
2152 3007 2340 3094 566,
2393 3008 2638 3078 Beier

443 3137 539 3209 ad
578 3121 798 3214 Officss
851 3146 918 3222 1,
951 3142 1027 3222 7,
1066 3143 1159 3212 23
1208 3153 1282 3224 p.
1312 3137 1451 3214 523
1525 3142 1596 3218 2,
1643 3140 1715 3220 5,
1754 3137 1849 3215 16
1883 3156 1957 3226 p.
1987 3137 2127 3216 363
2194 3141 2267 3218 2,
2302 3137 2375 3217 7,
2413 3139 2507 3207 23
2547 3151 2650 3221 ps—

441 3269 543 3343 47
565 3283 588 3344 3
645 3259 893 3328 multo
942 3258 1194 3326 minus
1246 3252 1337 3322 de
1382 3254 1572 3324 locis
1593 3256 1765 3349 plus
1803 3279 2023 3347 quam
2051 3262 2190 3339 50,
2246 3274 2432 3344 quos
2454 3274 2508 3320 -a
2544 3273 2631 3321 se

444 3384 797 3455 collectos
831 3376 1089 3449 scribit
1127 3375 1474 3447 Goerenz
1507 3373 1596 3444 ad
1637 3375 1991 3451 Academ.
2027 3387 2099 3465 2,
2125 3386 2243 3462 14,
2262 3378 2362 3458 46
2391 3397 2464 3467 p.
2499 3383 2626 3461 88,

445 3507 699 3576 dicere
752 3501 1164 3594 quidquam
1195 3516 1527 3590 possum.
1632 3499 1751 3567 De
1796 3510 1958 3566 tota
1992 3518 2071 3566 re
2100 3518 2342 3589 pauca
2366 3517 2630 3567 mone-

445 3625 568 3694 bo.
675 3627 865 3692 Usos
912 3625 1045 3692 illo
1083 3619 1485 3692 indicativo
1515 3618 1746 3689 fuisse
1782 3619 2140 3692 Plautum
2177 3620 2356 3707 (vid.
2396 3618 2634 3714 potis-

445 3747 726 3822 simum
756 3747 1074 3815 Pareum
1094 3746 1174 3813 in
1198 3741 1562 3815 Mentissa
1583 3743 1757 3819 Lex.
1781 3744 1940 3816 Crit.
1996 3767 2065 3838 p.
2088 3750 2187 3828 59
2222 3765 2362 3834 sq„
2398 3741 2636 3815 Wolf.

444 3871 539 3944 ad
585 3871 790 3941 Orat.
826 3865 921 3936 ad
959 3865 1163 3957 Quir.
1200 3886 1274 3959 p.
1312 3865 1498 3940 Red.
1542 3878 1616 3953 1,
1643 3875 1702 3945 4
1732 3888 1901 3963 pag.
1936 3873 2112 3953 90),
2173 3865 2639 3938 Terentium

445 3992 1055 4082 recentioresque
1101 3989 1506 4059 nonnullos
1549 4006 1812 4082 poetas
1864 3992 2027 4083 (cfr.
2078 3990 2277 4060 Jahn
2329 3988 2423 4062 ad
2471 3988 2631 4055 Ho-

449 4125 583 4189 rat.
632 4115 772 4195 od.
833 4127 903 4205 1,
943 4125 1059 4202 14,
1100 4115 1186 4201 63
1252 4113 1463 4185 locus
1512 4127 1769 4184 autem
1816 4114 1964 4190 Sat.
2014 4124 2084 4201 2,
2134 4125 2208 4200 4,
2252 4121 2353 4191 38
2390 4109 2640 4176 etiam

2832 1810 2834 1881 l
