2859 4700
1509 226 1634 317 86

472 437 785 508 veritate
823 432 1199 529 dubitas-{se
1237 430 1574 520 videtur,
1635 443 1806 524 quae'
1835 449 2098 504 tamen
2146 436 2325 506 ferri
2362 439 2660 529 nequit.

460 559 808 631 Primum
844 560 1046 628 enim
1088 579 1313 627 nemo
1354 556 1577 630 facile
1613 555 1850 643 dicet,
1923 579 2273 649 quaenam
2329 558 2480 629 sint
2516 586 2661 655 pu-

469 683 712 766 blica,
781 701 1128 771 quaenam
1180 682 1486 773 privata
1510 681 1856 773 proemia3
1925 693 2094 748 turn
2143 683 2480 752 tribuere
2508 686 2657 755 ali-

470 804 661 893 quid
696 803 846 872 dici
866 804 985 871 vix
1015 816 1286 893 potest,
1318 803 1471 871 nisi
1507 800 1757 870 dativo
1788 824 2128 894 personae
2162 805 2522 874 adiuncto
2567 801 2656 888 ²³5

447 924 844 1015 denique,
900 925 1099 1015 quod
1134 922 1555 995 maxirnum
1589 936 1739 1012 est,
1794 924 2107 1013 quinam
2148 926 2300 995 sint
2328 930 2440 997 illi
2474 930 2654 998 reli-

468 1047 639 1136 qui,
712 1066 901 1135 quos
931 1048 1173 1114 Caesar
1205 1045 1401 1114 bona
1433 1041 1582 1139 spe'
1618 1046 1953 1137 complet
1977 1091 1998 1132 ,
2071 1049 2390 1143 intelligi
2434 1070 2647 1143 pror-

468 1189 593 1234 sus
635 1169 918 1257 nequit.
1030 1167 1474 1238 Ciacconius
1518 1169 1829 1260 quidem
1866 1189 1957 1238 ex
1997 1169 2273 1253 verbiS‚
2329 1190 2494 1257 quae
2525 1170 2639 1235 in·
2687 1197 2694 1203 ·

406 1316 417 1391 j
467 1289 582 1357 fra
635 1284 723 1382 (ἓ
778 1297 852 1372 5)
899 1289 1291 1384 leguntur:
1368 1292 1622 1363 eadem
1661 1292 1951 1361 ratione
1977 1292 2332 1383 privatim
2378 1312 2463 1359 ac
2499 1310 2632 1379 pu-

467 1411 660 1482 blice
743 1411 1184 1501 quibusdam
1236 1411 1292 1479 3)
1358 1413 1801 1486 civitatibus
1864 1413 2147 1485 habitis
2210 1410 2645 1497 honoribus,

469 1535 695 1602 etiam
724 1533 852 1601 hic
884 1536 1366 1606 scribendum
1407 1558 1566 1604 esse
1605 1536 1900 1604 censuit
1927 1536 2225 1628 publice
2256 1531 2655 1628 privatim·

468 1677 630 1742 que.
734 1653 878 1720 Sed
925 1654 1090 1722 haec
1132 1655 1450 1720 mutatio
1489 1654 1745 1742 paullo
1785 1655 2186 1722 violentior
2219 1667 2355 1738 est,
2416 1667 2493 1721 et
2523 1646 2660 1719 ille

467 1773 675 1837 locus
708 1769 958 1858 potius
991 1791 1082 1836 ex
1116 1786 1367 1839 nostro
1404 1771 1880 1862 explicandus
1914 1785 2062 1854 est,
2121 1793 2352 1858 quarn
2392 1793 2486 1838 ex
2516 1771 2664 1839 illo

466 1907 740 1960 noster.
847 1895 1116 1960 Veram
1171 1894 1617 1984 scripturam
1665 1891 1905 1976 soluS‚
1975 1893 2035 1960 si
2077 1890 2263 1958 fides
2294 1889 2670 1958 habenda

467 2031 583 2082 est.
644 2014 773 2100 iis,
867 2015 998 2105 qui
1060 2013 1387 2103 reliquos
1442 2013 1649 2086 codd.
1710 2013 2235 2095 contulerunt,
2330 2013 2668 2081 servavit

469 2138 710 2210 Havn.
766 2139 864 2206 A:
944 2138 1337 2230 populis
1391 2137 1529 2221 (ita
1579 2135 1942 2227 scriptum
1999 2129 2356 2228 popl’is),
2443 2132 2660 2221 quod

468 2282 620 2353 quo
657 2258 881 2328 m'odo
912 2260 993 2327 in
1022 2261 1352 2354 publicis
1386 2257 1690 2344 abierit,
1765 2253 2089 2324 ostendit
2122 2254 2491 2346 scriptura
2526 2278 2653 2326 co-

466 2383 654 2452 dicis
704 2381 1017 2450 Achillis
1068 2383 1285 2450 Statii
1327 2381 1672 2474 puplicis,
1773 2378 2138 2449 Lectione
2181 2379 2481 2473 populis
2524 2398 2628 2444 re·

469 2517 677 2593 cepta
713 2504 965 2572 omnia
1006 2483 1201 2571 bene
1234 2503 1559 2571 habent:
1617 2502 1864 2571 Caesar
1899 2515 1976 2569 et
2008 2501 2306 2593 populis
2340 2500 2632 2592 quibus·

467 2628 641 2696 dam
680 2620 734 2689 4)
785 2638 856 2695 et
895 2626 1222 2720 privatis
1270 2625 1696 2697 hominibus
1744 2625 2054 2717 proemia
2103 2623 2410 2714 tribuit,
2477 2619 2648 2690 reli·-

736 2861 979 2914 editores
1012 2877 1134 2914 non
1169 2859 1345 2929 magis
1371 2877 1546 2931 quam
1569 2860 1911 2916 recentiores
1946 2870 2128 2915 certas
2155 2859 2423 2914 orationis
2453 2858 2658 2913 distin-

735 2935 965 3022 gnendae
998 2950 1220 3020 regulas
1255 2950 1426 3005 secuti
1466 2967 1580 3004 esse
1608 2949 1923 3005 videantur.
1993 2955 2209 3009 Veram
2236 2949 2658 3006 distinctionem

737 3057 870 3096 cum
893 3042 977 3096 ed.
1005 3041 1132 3096 Ald.
1147 3084 1161 3108 ,
1200 3042 1269 3096 R.
1293 3042 1485 3115 steph.
1514 3042 1586 3095 al.
1626 3043 1867 3097 restituit
1892 3041 2117 3099 Clarke.

603 3136 660 3206 2)
728 3134 921 3207 Neque
959 3134 1113 3189 enim
1137 3133 1259 3189 fore
1289 3143 1429 3207 puto
1445 3174 1460 3200 ,
1508 3133 1607 3205 qui
1632 3133 1770 3188 mihi
1804 3132 2028 3190 obiiciat
2063 3134 2250 3188 locum
2278 3129 2461 3186 Ovidii
2494 3131 2660 3198 (Me-

731 3236 866 3279 tam.
889 3236 922 3288 2
944 3269 963 3293 ,
993 3229 1111 3296 45):
1153 3237 1215 3280 ut
1238 3226 1417 3291 illud,
1456 3245 1539 3278 me
1566 3224 1858 3293 tribuente,
1888 3225 2077 3296 feras,
2116 3234 2212 3279 aut
2234 3221 2409 3277 Taciti
2420 3219 2661 3290 (Annal-

732 3326 796 3383 4,
837 3319 957 3385 6¹0:
997 3319 1061 3369 ni
1094 3322 1289 3370 Coesar
1320 3316 1542 3370 obviam
1563 3316 1730 3380 isset,
1764 3315 2057 3369 tribuendo
2079 3316 2357 3385 pecunias
2388 3332 2455 3364 ex
2490 3313 2657 3365 modo

735 3410 1074 3461 detrimenti.
1142 3408 1343 3460 Priore
1367 3406 1521 3457 enim
1548 3404 1673 3456 loco
1700 3412 1755 3455 et
1776 3420 1869 3457 res
1894 3413 1949 3456 et
1978 3421 2223 3474 persona
2249 3423 2314 3457 ex
2339 3401 2656 3476 superiori-

731 3497 840 3551 bus
864 3496 1232 3567 intelligendae
1259 3503 1417 3560 sunt,
1460 3493 1639 3546 altero
1658 3534 1673 3560 ‚
1706 3511 1829 3563 quae
1855 3502 1938 3546 est
1961 3494 2196 3547 Taciteae
2222 3493 2493 3549 orationis
2514 3492 2658 3548 hre-

727 3588 868 3640 vitas
888 3630 900 3653 ,
939 3605 1182 3658 persona
1213 3587 1347 3641 latet
1370 3585 1431 3637 in
1455 3584 1646 3637 verbis
1671 3604 1739 3636 ex
1769 3585 1931 3637 modo
1964 3585 2303 3641 detrimenti.

603 3677 664 3745 3)
735 3676 904 3743 Quod
929 3678 990 3731 in
1017 3679 1205 3731 Petav.
1234 3687 1290 3730 et
1313 3674 1578 3746 Scaliger.
1603 3673 1823 3745 legitur,
1864 3674 2174 3748 quibusque
2202 3679 2346 3748 (quae
2371 3678 2660 3751 scriptura

730 3765 850 3819 sine
881 3785 1072 3821 caussa
1095 3769 1345 3824 Grutero
1373 3776 1429 3819 et
1458 3765 1716 3822 Oudend.
1744 3765 1999 3837 placuit),
2050 3785 2252 3821 errore
2276 3769 2525 3840 quodam
2555 3785 2664 3820 or-

736 3865 861 3909 tum
883 3856 1135 3924 videtui-3
1187 3857 1655 3931 quibusquedam,
1704 3857 1859 3927 quod
1885 3868 1967 3913 est
1989 3858 2049 3911 in
2076 3862 2239 3914 Voss.
2273 3869 2328 3913 et
2353 3861 2540 3913 Havn.
2568 3858 2659 3923 A„

735 3965 801 4001 ex
829 3964 966 4001 vera
1000 3949 1280 4020 scriptura
1317 3958 1369 4003 et
1399 3949 1517 4002 eius
1543 3947 1808 4002 varietate
1838 3950 2211 4021 compositum
2233 3950 2472 4005 videtur.
2500 3947 2662 4016 Quid
2693 3997 2702 4000 -

732 4042 805 4094 sit
827 4050 1019 4094 autem
1044 4042 1307 4096 honorem
1332 4042 1514 4095 alicui
1545 4039 1774 4109 habere}
1842 4040 2033 4096 docuit
2058 4042 2291 4113 Madvig
2319 4040 2495 4113 Epist.
2511 4037 2663 4091 Crit.

734 4151 794 4203 p.
824 4143 944 4195 100.

602 4225 659 4294 4)
727 4223 941 4281 Eodem
991 4235 1178 4285 autem
1222 4226 1392 4285 modo
1427 4225 1642 4283 dativus
1677 4242 1931 4301 personae
1971 4227 2219 4284 duorum
2268 4218 2663 4276 ablativorum
