2859 4700
1509 180 1634 271 82

479 419 650 468 cum
709 395 1085 488 equitibus
1135 395 1729 489 proeliarentur3
1796 389 2069 465 deinde
2111 384 2392 489 pugnae
2448 422 2684 503 genus

480 519 858 604 describit,
899 521 979 588 in
1014 539 1164 608 quo
1201 512 1690 586 describendo
1724 536 1900 584 eum
1941 515 2235 588 faciunt
2261 520 2681 613 dicentem,

477 642 856 733 expeditas
897 641 1238 709 cohortes
1288 637 1559 731 saepius
1595 638 1673 706 in
1707 637 1893 707 loeis
1925 643 2468 731 campestribus
2500 645 2679 713 sub-

478 764 781 837 stitisse.
896 765 1065 832 Imo
1129 783 1283 829 non
1318 759 1589 853 soepius
1640 759 1789 828 h'oc
1839 759 2229 847 fecerunt,
2317 766 2449 835 sed
2507 767 2676 835 ubi-

479 905 808 974 cumque
859 899 1076 952 erant
1112 883 1279 952 loca
1328 880 1817 983 campestria,
1895 881 2003 951 ibi
2043 883 2189 952 hoc
2214 885 2305 955 iis
2344 903 2501 957 erat
2531 911 2670 957 ne·

477 1008 797 1076 cessario
851 1005 1332 1090 faciendum,
1397 1003 1544 1075 nisi
1574 1025 1652 1071 se
1685 1003 2070 1094 equitibus
2109 1006 2412 1076 Caesaris
2450 1031 2668 1077 aver-

474 1149 596 1196 sos
628 1127 1114 1200 trucidandos
1149 1127 1448 1196 tradere
1480 1125 1780 1200 vellent.
1865 1126 2035 1195 Hoc
2068 1147 2154 1194 ex
2189 1129 2445 1213 verbis,
2484 1150 2659 1216 quae

476 1250 841 1321 continuo
872 1264 1320 1342 sequuntur,
1374 1250 1593 1335 satis,
1649 1264 1736 1318 ut
1768 1246 1963 1318 mihi
1997 1248 2299 1339 quidem
2330 1249 2648 1339 videtur,

471 1388 821 1465 apparet3
888 1395 1129 1465 quum
1200 1360 1409 1469 enim
1458 1372 1624 1445 loca
1660 1369 2107 1463 campestria
2134 1371 2328 1438 inter
2365 1351 2655 1436 montes

472 1510 743 1580 essent,
794 1497 1128 1586 primum
1149 1497 1394 1564 Caesar
1422 1508 1698 1580 narrat,
1734 1492 1916 1583 quid
1941 1492 2228 1560 factum
2262 1491 2380 1589 sit,
2423 1508 2672 1580 quum.
2711 1562 2716 1566 ,

468 1634 689 1683 mons
733 1628 931 1682 esset
961 1612 1566 1695 adscendenduS,
1624 1611 1941 1697 deinde,
1998 1611 2180 1699 quid
2202 1612 2669 1695 faciendum,

469 1752 712 1821 quum
776 1727 1384 1798 descendendum
1458 1745 1651 1798 esset
1706 1729 1800 1797 de
1850 1745 2154 1811 monte3
2232 1747 2403 1801 tum
2457 1734 2677 1801 enim

467 1872 627 1921 non
665 1848 912 1918 solum
951 1847 1318 1943 expeditis
1356 1848 1821 1935 cohortibus,
1857 1849 1988 1919 sed
2022 1849 2390 1919 universis
2427 1853 2681 1949 leg507

465 1972 693 2059 nibus
746 1971 1313 2052 consistendum
1359 1987 1523 2042 erat
1584 1986 1661 2041 et
1711 1972 2091 2062 equitatus
2154 1972 2678 2062 repellendus,

464 2101 590 2172 Ita
633 2098 924 2168 factum
973 2111 1130 2185 est,
1186 2095 1392 2188 quod
1428 2096 1538 2164 ait
1573 2095 1823 2163 Caesar
1872 2114 2036 2186 cap.
2081 2102 2218 2172 80:
2278 2093 2457 2162 Tali
2486 2094 2678 2164 dum

455 2235 844 2315 pugnatur
912 2199 1128 2290 modo
1150 2269 1172 2309 ‚
1242 2221 1431 2289 lente
1472 2230 1697 2308 atque
1742 2216 2145 2310 paullatim
2186 2217 2668 2309 proceditur,

464 2344 904 2432 crebroque,
981 2357 1065 2411 ut
1115 2341 1269 2411 sint
1316 2341 1608 2411 auxilio
1637 2340 1838 2426 suis,
1892 2337 2331 2409 subsistunt.
2443 2338 2658 2431 Que-

463 2485 645 2535 nam
697 2465 906 2532 enim
950 2462 1119 2533 haec
1160 2477 1273 2532 est
1310 2445 1586 2532 oratio:
1636 2461 1994 2555 expeditoe
2023 2463 2366 2532 cohortes
2396 2461 2646 2558 saepius

464 2588 880 2661 subsistunt
926 2599 1009 2656 et
1074 2584 1467 2677 (legiones)
1536 2586 1803 2655 crebro
1853 2585 2308 2674 subsistunt,
2379 2597 2465 2655 ut
2508 2584 2662 2655 sint

463 2712 758 2783 auxilio
789 2711 951 2780 suis
979 2706 1453 2801 (cohortibus
1490 2709 1891 2804 expeditis)
1917 2709 1951 2779 Ρ
1991 2733 2000 2752 ‘

610 2841 621 2846 “
739 2828 888 2899 Sed
942 2830 1065 2897 his
1119 2830 1403 2917 missis,
1461 2831 1739 2920 quibus
1771 2830 2098 2923 -probare
2136 2829 2431 2915 studui,
2480 2830 2666 2922 plu-

462 2956 616 3026 ries
648 2952 827 3022 ferri
870 2973 1027 3020 non
1061 2971 1305 3042 posse,
1361 2952 1540 3047 quid
1578 2952 1886 3024 tandem
1918 2968 2055 3038 est,
2093 2954 2293 3052 quod
2325 2953 2401 3019 in
2439 2951 2653 3043 vulg.

461 3078 640 3149 lect.
695 3076 842 3152 VV.
903 3076 1076 3145 DD.
1114 3073 1567 3145 offenderit?
1638 3075 1882 3162 Sane,
1933 3076 1999 3146 si
2046 3070 2547 3149 subsistebant
2586 3096 2660 3149 c.

457 3205 558 3285 79
591 3197 857 3267 eadem
893 3197 1184 3266 ratione
1220 3198 1756 3291 explicandum
1791 3211 1941 3284 est,
1999 3221 2152 3290 qua
2193 3222 2255 3271 c.
2283 3206 2381 3276 80
2413 3195 2664 3266 subsi-

461 3333 700 3409 stunt,
738 3340 990 3408 neque
1025 3339 1167 3412 ego
1190 3319 1436 3388 ullum
1466 3339 1772 3389 sensum
1790 3320 2285 3391 commodum
2317 3322 2662 3413 reperi03

458 3442 592 3541 sed
640 3428 827 3533 quid
878 3429 1235 3531 prohibet
1293 3440 1442 3511 hoc
1469 3441 1935 3513 vocabulum
1962 3441 2180 3510 aliter
2217 3443 2594 3537 explicare
2619 3446 2659 3515 i?

463 3566 796 3635 Afferam
829 3562 1021 3635 duos
1052 3562 1254 3632 Livii
1291 3560 1542 3648 locos,
1575 3561 1871 3653 ⁴quibus
1900 3573 2245 3633 nostrum
2274 3567 2663 3660 explicari-7

460 3686 649 3757 dam
687 3704 997 3753 censeo:
1053 3697 1124 3772 1,
1154 3694 1229 3774 4,
1260 3692 1349 3770 9:
1399 3684 1617 3773 gHinc
1646 3720 1749 3739 -
1778 3687 1932 3758 iam
1954 3709 2103 3759 non
2123 3683 2339 3782 feras
2368 3703 2662 3760 tantum

458 3807 873 3880 subsistere
902 3803 1076 3893 <ubi
1100 3790 1306 3875 -n'ihil
1339 3809 1719 3879 varietatis
1748 3811 2114 3902 notatur),
2148 3814 2278 3880 sed
2311 3815 2392 3883 in
2423 3816 2663 3883 latro-

458 3955 586 4006 nes
629 3963 734 3982 -
778 3928 1093 4018 impetus
1127 3924 1431 4021 facem
1485 3938 1560 4019 9,
1604 3944 1729 4022 31,
1781 3934 1865 4013 6:
1929 3934 2339 4027 Postquam
2367 3957 2669 4025 proepo-

458 4061 726 4128 tentem
769 4055 1004 4130 armis
1053 4055 1467 4129 Romanum
1509 4078 1640 4128 nee
1689 4054 1894 4129 acies
1945 4057 2354 4130 subsistere
2402 4058 2666 4143 (codd,

456 4197 692 4258 nonu.
725 4178 1123 4268 sustinere)
1152 4180 1347 4273 ullae,
1401 4200 1533 4258 nee
1568 4171 1848 4270 castre,
1899 4202 2032 4286 uec
2059 4182 2277 4254 urbes
2302 4193 2666 4269 poterant
