2859 4700
1460 135 1584 223 64

336 440 342 445 ᾖ
433 335 718 411 litatem
753 340 1162 411 Octaviano
1199 339 1618 417 obieoernt=
1669 345 1981 418 Aricina
2009 357 2247 419 mater
2275 363 2361 436 3).
2414 347 2617 418 Tum

438 458 728 555 Cicero,
746 462 1032 559 videte,
1084 460 1361 553 inquit,
1395 488 1621 563 quam
1650 469 2151 562 despiciamur
2181 492 2454 561 omnes,
2485 472 2622 562 qui

434 605 686 655 sumus
729 605 772 654 e
823 586 1297 679 municipiis,
1379 589 1471 658 id
1512 603 1664 677 est,
1750 612 1990 662 omnes
2012 592 2248 685 plane.
2317 592 2619 665 Deinde

434 700 485 798 ἓ
518 713 611 785 17
625 731 654 777 .·
700 708 842 776 Sed
862 707 1021 777 Jzoc-
1040 708 1453 780 clarissimi
1480 712 1637 782 viri
1658 714 2011 808 viderint,
2063 715 2150 784 L.
2187 716 2621 809 Philippus,

434 828 574 920 qui
602 827 825 899 habet
855 830 1253 903 Aricinam
1284 852 1617 920 uxorem,
1674 837 1747 906 C.
1781 835 2194 907 Marcellus
2210 881 2233 922 ‚
2284 839 2423 928 qui
2441 838 2624 908 'Ari-

433 949 621 1021 cinoe
646 950 945 1046 filiam3
984 976 1202 1046 -quos
1231 968 1438 1025 certo
1487 956 1649 1026 seio
1703 957 2107 1048 dignitatis
2175 959 2632 1052 optimarum

414 1066 885 1166 feminarum
910 1099 1055 1147 non
1081 1079 1482 1170 poenitere.
1589 1079 1670 1153 C.
1706 1078 2121 1149 Marcellus
2161 1080 2369 1150 enim
2392 1108 2444 1165 ,⁴
2486 1081 2623 1170 qui

436 1216 618 1264 cum
660 1196 752 1272 L.
790 1200 1010 1276 Aem.
1064 1199 1332 1271 Paullo
1363 1199 1628 1276 consul
1656 1200 1808 1271 fuit
1854 1222 1920 1270 a.
1961 1199 2333 1285 704*(Dio
2376 1203 2457 1276 C.
2489 1212 2618 1290 40,

432 1321 533 1401 59
568 1312 695 1414 4)),
768 1318 1085 1392 duxerat
1124 1322 1559 1418 Octuviam,
1612 1298 1965 1392 ‘sororem
2008 1323 2379 1419 Augusti,
2448 1342 2609 1412 quoe

701 1631 782 1665 m.
821 1613 1009 1686 April.
1046 1633 1103 1687 p.
1130 1621 1237 1677 403
1273 1634 1355 1687 sq.
1380 1615 1707 1687 Equidem,¹
1734 1615 1842 1668 nisi
1882 1631 2147 1683 vererer,
2193 1633 2267 1670 ne
2294 1615 2629 1690 Philippum

699 1710 855 1756 oetate
880 1704 1050 1758 nimis
1070 1713 1410 1777 provectum
1433 1719 1674 1758 uxorem
1695 1696 1994 1758 ducentem
2018 1704 2264 1759 facerem
2279 1747 2293 1773 ,
2343 1694 2629 1761 conficere

702 1808 928 1865 possem
965 1792 1293 1867 Philippum
1326 1803 1457 1868 post
1492 1792 1632 1848 Atiae
1669 1802 1915 1848 mortem
1951 1810 2213 1865 sororem
2237 1795 2355 1849 eius
2386 1796 2632 1852 duxisse.

701 1882 966 1939 Nicolaus
999 1885 1380 1951 Damascenus
1406 1885 1557 1943 enim
1588 1884 1644 1955 (l.
1670 1902 1718 1938 c.
1748 1902 1795 1938 c.
1821 1891 1891 1946 14
1913 1904 1970 1957 p.
1996 1886 2117 1956 109)
2142 1894 2341 1940 narrat
2365 1884 2427 1939 C.
2441 1885 2634 1940 Ama-

702 1974 846 2029 tium
881 1976 1022 2045 (Liv.
1048 1976 1197 2049 Epit.
1237 1979 1340 2037 116
1371 1984 1541 2041 extr-3
1596 1974 1843 2046 Appian.
1884 1974 1949 2026 Β.
1974 1972 2038 2027 C.
2062 1983 2124 2041 3,
2175 1984 2211 2036 2
2237 1983 2294 2027 et
2315 1982 2381 2042 ὃς
2428 1975 2634 2030 Valer-

704 2066 860 2122 Max·
885 2074 948 2136 93
986 2073 1082 2136 15,
1114 2075 1182 2135 ι,
1219 2054 1505 2121 cie-'Phss-
1531 2074 1595 2130 1,
1632 2073 1695 2130 2.
1733 2070 1797 2132 5³
1830 2064 1999 2118 Attio.
2027 2072 2124 2130 12,
2160 2071 2259 2131 493
2298 2071 2384 2129 14,
2416 2065 2491 2133 6),
2528 2064 2634 2136 qui

707 2157 773 2213 C.
797 2158 970 2214 Marii
1005 2158 1190 2213 filium
1229 2174 1288 2213 se
1313 2175 1427 2214 esse
1452 2156 1689 2224 diceret,
1722 2155 1795 2210 ad
1821 2154 2198 2210 Octavianum
2219 2154 2489 2209 invenem
2519 2156 2626 2210 ad-

707 2248 925 2302 duxisse
947 2247 1103 2305 τινάς
1127 2251 1385 2320 γυναῖκας
1407 2245 1517 2303 τῶν
1545 2252 1850 2319 Καίσαρος,
1884 2249 1952 2302 αἲ
1978 2242 2307 2319 ἐμαρτύρουν
2350 2240 2494 2318 mim}
2520 2243 2616 2315 τήν

702 2336 998 2407 εὖγένειαν.
1068 2335 1202 2391 Οὔτε
1224 2333 1336 2407 μῆν
1356 2336 1592 2392 Ἀντίαν
1617 2336 1711 2406 (sic
1729 2354 1855 2390 eam
1878 2335 2089 2408 ubique
2114 2334 2378 2410 appellat)
2411 2336 2607 2392 ἔπεισεν

705 2418 828 2481 οὔτε
869 2425 973 2499 τὴν
1007 2425 1203 2499 rubine
1251 2425 1493 2499 ἀδελ-φῆν
1529 2447 1670 2483 κατα
1679 2426 1980 2501 ψεῦσασθαι
2025 2425 2125 2484 τοῦ
2158 2434 2415 2502 σφετέρου
2452 2425 2618 2480 οἴκου.

708 2517 876 2573 Hanc
906 2518 1044 2574 Atiae
1068 2537 1328 2575 sororem
1351 2519 1431 2573 illi
1467 2518 1825 2594 superstitem
1849 2518 2015 2574 fuisse
2053 2527 2111 2572 et
2149 2529 2343 2592 postea
2364 2515 2623 2590 Philippo

707 2612 985 2683 nupsisse,
1038 2610 1237 2665 coniici
1278 2620 1492 2686 posset;
1543 2609 1640 2665 sed
1677 2627 1859 2682 quum
1893 2610 2021 2665 Atia
2061 2629 2112 2666 a.
2148 2630 2207 2664 ιι.
2252 2619 2359 2673 711
2398 2617 2625 2663 mortua

707 2710 791 2754 est
827 2703 1078 2770 (Sueton.
1114 2702 1312 2758 Octav.
1349 2710 1418 2764 61
1444 2700 1547 2756 cfr.
1571 2702 1681 2756 Dio
1708 2699 1773 2754 C.
1795 2709 1897 2768 47,
1942 2703 2047 2770 17),
2081 2699 2404 2773 Philippus,
2450 2715 2631 2770 quum

706 2807 760 2844 a.
785 2808 845 2845 ιι.
866 2797 974 2853 698
996 2791 1191 2846 consul
1217 2791 1388 2846 fuerit
1401 2832 1417 2858 ,
1449 2792 1572 2846 fere
1600 2793 2001 2862 sexagesimum
2027 2805 2245 2845 annum
2273 2792 2442 2862 egisse
2469 2789 2633 2845 vide-

710 2888 830 2934 tur.
899 2880 1011 2935 Alii
1026 2922 1041 2949 ‚
1093 2898 1235 2954 quos
1273 2883 1346 2936 D.
1382 2880 1447 2936 C.
1486 2882 1558 2936 G.
1606 2880 2256 2953 Baumgarten-Crusius
2282 2882 2353 2936 ad
2398 2883 2634 2936 Suetou.

709 2972 1001 3028 Octavian.
1028 2979 1100 3035 29
1126 2990 1251 3045 pag.
1278 2980 1385 3035 249
1408 2982 1463 3026 et
1491 2973 1551 3025 in
1576 2971 1747 3027 Indic.
1786 2973 1952 3027 Nom.
1980 2959 2187 3045 Propr.
2218 2988 2340 3046 pag.
2365 2979 2435 3033 51
2462 2987 2637 3024 secu-

709 3072 801 3119 tus
829 3072 936 3132 est,
988 3064 1129 3121 duos
1167 3065 1229 3118 L.
1271 3064 1523 3120 Marcios
1561 3062 1853 3137 Philippos
1890 3063 2088 3119 eodem
2120 3072 2380 3136 tempore
2429 3061 2635 3116 vixisse

710 3165 992 3225 stamnum
1025 3157 1121 3213 sed
1147 3156 1264 3212 haec
1279 3197 1294 3224 ,
1326 3165 1392 3212 ut
1413 3156 1649 3210 inventu
1674 3155 1936 3211 facillima
1949 3197 1964 3223 ,
2013 3156 2090 3209 ita
2113 3155 2372 3210 omnium
2394 3152 2634 3227 pessima

707 3247 856 3303 ratio
882 3257 980 3303 est.
1063 3248 1233 3319 Quod
1264 3257 1459 3304 autem
1484 3248 1815 3304 Massonum
1840 3247 2006 3303 huius
2030 3245 2313 3303 sententiae
2338 3252 2634 3299 auctorem

716 3337 979 3407 laudaut,
1027 3338 1209 3393 fateor
1242 3356 1334 3393 me
1361 3355 1427 3392 ex
1458 3339 1573 3392 eius
1598 3336 1790 3391 verbis
1816 3337 1874 3408 (l.
1896 3340 1965 3407 c.)
1993 3355 2115 3391 non
2140 3336 2268 3391 satis
2302 3323 2634 3407 intelligere,

712 3438 915 3486 utrum
943 3430 1084 3484 duos
1110 3429 1174 3482 L.
1208 3428 1460 3483 Marcios
1487 3426 1779 3500 Philippos
1813 3426 1979 3481 fuisse
2017 3435 2247 3494 statuat,
2296 3441 2372 3482 an
2409 3444 2541 3482 eum
2569 3425 2635 3479 L.

707 3521 1001 3576 Marcium
1023 3519 1354 3593 Philippum
1369 3559 1384 3585 ,
1436 3534 1613 3591 quem
1636 3535 1821 3571 unum
1843 3516 2057 3572 horum
2093 3526 2426 3592 temporum
2450 3517 2638 3573 histo·-

708 3610 799 3664 ria
821 3612 984 3666 novit
997 3652 1012 3679 ,
1062 3611 1332 3666 vitricum
1370 3610 1609 3683 Augusti
1635 3607 1799 3664 fuisse
1824 3618 2006 3680 neget.
2072 3609 2285 3665 Eadem
2302 3651 2317 3678 ,
2375 3626 2490 3682 qua
2515 3624 2642 3681 ego,

713 3701 930 3756 ratione
956 3702 1205 3757 Massoni
1228 3702 1407 3757 verba
1426 3700 1698 3756 intellexit
1720 3699 1913 3772 Gierig
1946 3701 1984 3756 l.
2011 3718 2060 3756 c.

579 3794 637 3864 3)
706 3791 827 3847 Cfr.
856 3785 1017 3848 Serv.
1043 3793 1114 3848 ad
1138 3795 1297 3866 Virg.
1323 3798 1457 3850 AEu.
1486 3800 1537 3860 5,
1564 3799 1697 3860 5683
1731 3790 1967 3848 Casaub.
1991 3794 2062 3848 ed
2085 3794 2315 3848 Sueten.
2345 3792 2489 3863 Aug.
2512 3797 2567 3853 4.

583 3888 640 3957 4)
710 3886 944 3941 Erravit
968 3885 1121 3940 enim
1147 3886 1532 3958 Glandorpius
1561 3883 1617 3956 (l.
1643 3900 1691 3937 c.
1723 3903 1781 3957 p.
1806 3888 1959 3956 232),
2008 3885 2102 3956 qui
2131 3885 2240 3939 hoc
2270 3884 2339 3939 de
2362 3882 2543 3937 altero
2571 3879 2642 3935 C.

716 3977 992 4034 Marcello
1032 3978 1233 4045 tradit,
1286 3978 1386 4049 qui
1422 3994 1474 4030 a.
1496 3995 1554 4030 u.
1591 3982 1696 4038 705
1724 3994 1857 4030 cum
1895 3978 1958 4030 L.
1991 3975 2231 4032 Lentulo
2271 3974 2470 4029 consul
2506 3973 2646 4039 suit3

710 4070 803 4124 hie
829 4071 982 4125 enim
1010 4071 1070 4125 in
1096 4071 1245 4125 bello
1270 4067 1419 4124 civili
1447 4067 1674 4141 periisse
1701 4067 1927 4126 videtur
1956 4071 2031 4139 (v.
2049 4068 2305 4122 Perizon.
2333 4064 2644 4142 Animadv.

716 4161 858 4217 Hist.
897 4182 945 4218 c.
973 4172 1010 4230 9
1031 4184 1088 4239 p.
1115 4170 1218 4230 405
1248 4163 1334 4218 ed.
1362 4161 1612 4230 Har-lesu,
1666 4160 1853 4218 Wolf
1869 4160 1939 4216 ad
1964 4162 2121 4218 Orat.
2151 4177 2270 4233 pro·
2290 4153 2547 4214 Marcell.
2579 4174 2645 4228 p.
