2859 4700
1493 149 1617 236 62

455 356 655 430 Plut.
688 356 869 426 Caes.
901 366 1044 443 31,
1098 352 1376 427 Anto'n.
1435 362 1482 434 5
1540 355 1745 425 Oros.
1781 357 1871 455 β,
1929 361 2064 443 15,
2116 365 2283 452 pag,
2327 363 2474 437 415
2524 357 2637 433 ed,

333 458 338 463 ⁹
453 480 770 553 Haverc.
792 522 817 565 ,
894 479 1180 552 Lucan.
1218 477 1477 552 Phars.
1520 488 1592 565 1,
1660 478 1864 562 266).
1969 478 2408 551 observavit
2453 492 2638 573 prae.

452 614 657 670 terea
683 600 1031 688 Vossius,
1090 599 1492 698 pontigisse
1533 598 1979 691 aliquande,
2036 616 2125 672 ut
2170 615 2476 673 senatus
2516 602 2638 673 die

454 722 820 794 comitiali
853 722 1313 810 haberetur,
1378 722 1547 797 coll.
1596 724 1750 796 Cic.
1805 722 1899 793 ad
1952 722 2039 814 Q.
2082 725 2313 797 Fratr.
2354 735 2442 811 2,
2502 737 2638 804 13³

453 845 963 918 Comitialibus
997 845 1257 917 diebus
1274 894 1298 936 ,
1351 846 1493 939 qui
1520 845 1956 938 Quirinalia
1995 860 2431 941 sequuntur,
2479 850 2644 939 Ap*-

422 1020 427 1027 .
439 968 618 1063 pius
646 971 1184 1063 interpretatur
1230 990 1382 1038 non
1430 969 1784 1061 impediri
1826 990 1903 1039 se
1945 969 2106 1061 lege
2146 969 2393 1065 Pupia
2409 1018 2432 1059 ,
2484 990 2646 1059 quo

446 1090 697 1162 minus
745 1090 1018 1163 habeat
1067 1104 1437 1176 sertatum,
1511 1104 1592 1161 et
1624 1090 1864 1162 Coelii
1893 1091 2032 1185 Ep.
2077 1091 2179 1163 ad
2208 1091 2365 1166 Cic.
2398 1093 2642 1178 (Fam.

442 1222 533 1303 8,
587 1222 684 1301 8,
732 1212 844 1304 3),
897 1212 1031 1283 ubi
1061 1213 1145 1284 in
1168 1226 1474 1284 senatus
1509 1214 1954 1288 auctoritate
1985 1226 2142 1290 estx
2189 1213 2451 1307 utique
2474 1213 2638 1284 eius

440 1338 560 1408 rei
585 1359 818 1409 causa
840 1360 977 1430 per
1009 1335 1173 1410 dies
1221 1338 1635 1412 comitiales
1664 1352 2002 1411 senatum
2048 1337 2401 1409 haberent
2437 1337 2495 1407 S
2539 1337 2622 1426 Qz

449 1462 524 1532 0.
548 1452 894 1556 facerent
919 1454 1015 1544 3),
1065 1459 1217 1530 hoc
1240 1483 1418 1531 vero
1440 1475 1647 1530 extra
1681 1462 2027 1533 ordinem
2053 1459 2340 1532 factum
2375 1458 2631 1533 fuisse.

442 1584 663 1677 Quod
680 1602 917 1672 quum
934 1582 1235 1651 Vossius
1257 1582 1417 1671 ipse
1433 1581 1585 1647 hoc
1600 1594 1943 1671 tempore
1965 1580 2133 1648 fieri
2153 1580 2487 1671 potuisse
2518 1578 2632 1649 fas·

436 1720 711 1791 teatur,
766 1715 845 1771 et
874 1702 1080 1772 idem
1112 1699 1307 1770 mihi
1331 1697 1651 1785 videtur,
1696 1714 1777 1769 et
1815 1698 2371 1770 observandum
2408 1714 2638 1792 pute,

437 1829 641 1902 idem
668 1828 751 1897 in
769 1847 862 1895 eo
876 1825 1070 1896 scto
1087 1836 1168 1893 et
1192 1823 1286 1893 iis
1305 1834 1608 1891 senatus
1626 1819 2191 1893 auctoritatibus
2203 1819 2495 1888 factum
2515 1819 2634 1886 vi-

437 1952 624 2041 deri,
645 1972 831 2044 quas
848 1944 1195 2020 Ciceroni
1225 1943 1430 2015 misit
1451 1942 1750 2013 Coelius
1766 1939 1842 2024 (1.
1869 1940 1999 2030 a),
2021 1961 2185 2030 quae
2201 1939 2440 2030 pridie
2460 1938 2634 2015 Κεὶς,

436 2079 751 2151 Octobr.-
771 2072 1199 2170 perscriptae
1236 2068 1612 2152 dicuntur,
1631 2065 1766 2155 qui
1786 2060 2045 2130 diesin
2062 2061 2330 2130 iisdem
2350 2059 2640 2131 Kalen..

439 2198 664 2269 dariis
695 2199 752 2267 4)
786 2212 898 2266 est
926 2191 1346 2267 comitialis,
1401 2193 1782 2261 Praeterea·
1806 2184 2036 2253 etiam
2063 2203 2130 2252 a.
2150 2184 2225 2251 d.
2242 2180 2454 2251 XIII
2462 2183 2630 2258 Kal:

442 2321 598 2390 Oct.
639 2339 704 2389 a.
739 2338 817 2389 u.
853 2324 1044 2400 710,
1109 2311 1244 2400 qui
1278 2309 1427 2379 fuit
1471 2309 1632 2379 dies
1665 2306 2102 2394 comitialis,
2154 2305 2464 2376 habitus
2509 2318 2620 2375 est

436 2439 765 2513 Senatus
796 2434 990 2531 (Cic.
1025 2429 1225 2508 Phil.
1267 2432 1373 2519 V,
1426 2436 1517 2519 7,
1574 2436 1691 2516 19.
1746 2429 1954 2505 Fam.
2001 2440 2134 2518 12,
2189 2431 2301 2522 2).
2393 2463 2400 2474 ·

694 2879 764 2966 1,
804 2877 893 2970 6,
947 2881 1019 2958 5.
1139 2877 1538 2973 Philippus
1603 2893 1679 2950 et
1742 2881 2269 2951 Marcellus
2320 2855 2627 2975 privato

430 3001 746 3076 oonsilio
761 3013 1315 3098 praetereuntur
1328 3049 1353 3096 ,
1405 3023 1636 3097 neque
1687 3026 1936 3078 eorum
1976 3017 2216 3076 sortes
2261 3005 2628 3110 deiiciun7

433 3137 470 3196 t
642 3159 647 3166 .

468 3148 586 3200 ur·
698 3230 820 3299 De
887 3226 1244 3321 Philippo
1331 3226 1818 3299 consentiunt
1886 3227 2047 3299 fere
2125 3228 2619 3319 interpretes,

420 3346 658 3419 fuisse
702 3370 883 3418 eum
937 3349 1022 3420 L.
1074 3349 1451 3420 Marcium
1500 3353 1972 3447 Philippum,
2046 3353 2178 3445 qui
2229 3373 2287 3419 a.
2351 3372 2424 3423 u.
2470 3350 2625 3433 698

431 3471 700 3540 consul
730 3472 1026 3555 fuerat;
1088 3472 1552 3565 praeteritum
1583 3491 1836 3544 autem
1870 3475 2142 3566 fuisse,
2196 3476 2396 3571 quod
2452 3476 2622 3546 affi-

428 3589 667 3662 nitate
705 3595 979 3666 Caesari
1006 3594 1313 3666 iunctus
1353 3612 1589 3684 esset,
1662 3621 1900 3690 quum
1932 3602 2231 3690 Atiam,
2302 3603 2418 3680 M.
2435 3602 2621 3674 Atio

562 3861 621 3932 3)
689 3859 793 3915 His
836 3859 972 3915 locis
1009 3861 1136 3918 addi
1173 3873 1355 3938 potest
1389 3866 1505 3921 Cic.
1544 3868 1775 3923 Muren.
1810 3875 1909 3936 25,
1946 3875 2044 3933 51:
2100 3875 2237 3926 Tum
2275 3876 2623 3931 meministis

680 3951 825 4022 fieri
865 3954 1100 4021 Sciam,
1148 3974 1217 4009 ne
1246 3968 1478 4027 postero
1520 3961 1612 4012 die
1648 3962 1882 4014 comitia
1906 3960 2271 4032 haberentur,
2312 3976 2379 4019 ut
2404 3969 2474 4020 de
2519 3969 2621 4022 hie

697 4041 858 4096 rebus
886 4044 947 4098 in
970 4057 1174 4101 senatu
1200 4065 1366 4118 agere
1381 4067 1692 4121 possemus·
1763 4049 1880 4108 Cfr.
1895 4051 2179 4109 Plutarch.
2207 4055 2322 4111 Cic.
2347 4064 2434 4120 14·

566 4132 623 4202 4)
691 4131 810 4186 Cfr.
829 4133 1036 4189 Graevii
1063 4138 1226 4194 Thes.
1256 4138 1292 4192 l.
1327 4158 1376 4196 c.
1406 4159 1462 4214 p.
1491 4149 1544 4205 7.
1603 4155 1608 4160 '
