2859 4700
1540 204 1663 297 48

525 442 903 526 Oberlini‚
961 430 1269 510 Doehnii
1301 432 1673 506 editiones
1703 437 1798 508 ab
1847 436 2081 533 ipsius
2134 438 2714 535 discrepat-enm

517 586 757 661 pauca
794 583 1032 654 eaque
1065 559 1524 653 plerumque
1557 560 1757 631 bona
1793 561 1886 632 de
1921 584 2060 633 suo
2101 562 2414 640 addidit.

811 691 906 762 A.
943 685 1250 758 Mb‘bius
1284 684 1619 777 (Comm.
1659 683 1752 755 de
1779 687 1859 759 Β.
1902 684 2020 771 G„
2081 686 2225 755 mit
2251 684 2723 782 geograph„

513 813 807 901 histor„
846 809 1020 886 krit.
1086 832 1161 879 u.
1214 829 1528 905 gramm.
1578 807 2220 905 Anmerkungen,
2287 809 2731 878 Hannover

521 914 756 1024 1826,
811 935 893 1027 8)
945 932 1283 1005 Oberlini
1334 944 1630 1001 textum
1688 928 2136 1024 plerumque
2199 944 2502 1001 secutus
2562 946 2730 1001 est·
2823 942 2824 959 ,

513 1059 950 1133 Editionem
1005 1055 1208 1127 hanc
1248 1053 1332 1124 in
1383 1048 1571 1123 locis
1603 1053 2149 1127 difficilioribus
2178 1050 2515 1148 inspexi,
2568 1052 2736 1123 sed

513 1181 715 1253 nihil
747 1179 1030 1266 inveni,
1076 1175 1279 1271 quod
1314 1175 1510 1248 mihi
1542 1177 1852 1270 quidem
1887 1176 2076 1249 utile
2109 1189 2322 1247 esset.
2428 1177 2730 1267 Neque

513 1326 791 1405 magna
841 1325 1138 1399 sperare
1188 1315 1479 1398 potest,
1555 1302 1690 1395 qui
1721 1303 1803 1373 in
1829 1303 2041 1398 praef.
2073 1323 2246 1399 pag.
2286 1301 2462 1372 XIV
2492 1298 2575 1370 in
2606 1298 2731 1370 si-

515 1433 824 1529 glorum
887 1426 1388 1522 explicatione
1436 1441 1827 1498 narratum
1874 1424 2290 1513 invenerit,
2334 1424 2549 1496 Rom.
2605 1421 2717 1490 si-

515 1552 876 1651 gnificare
896 1551 1035 1624 Ed.
1049 1551 1456 1620 Romanam
1476 1552 1733 1639 1669„
1775 1548 1992 1665 {662-
2049 1547 2268 1639 (sic);
2317 1544 2556 1640 Steph.
2602 1574 2728 1596 ·--

511 1673 653 1745 Ed.
672 1666 1114 1755 Rob.Steplz·
1152 1665 1417 1741 1644.;
1469 1666 1719 1731 Strad.
1769 1696 1875 1715 -
1925 1667 2065 1738 Ed.
2083 1667 2396 1754 Scradae,
2437 1667 2664 1746 1675.
2686 1685 2720 1750 ς

396 1884 401 1887 -
512 1789 731 1862 Vaso.
790 1816 895 1837 ·-—
960 1783 1104 1853 Ed.
1159 1780 1692 1866 Vascosanam,
1760 1783 2019 1867 1643.;
2083 1773 2264 1861 Ven.
2329 1817 2436 1839 -
2501 1788 2724 1863 Εᾱᾱ,

512 1910 864 1993 Venetas,
921 1912 1139 1984 1482.
1191 1906 1410 1982 1513.
1513 1904 1610 1973 In
1639 1922 1915 1998 magna
1949 1902 2723 1979 animadversionum

507 2032 713 2108 mole
759 2030 963 2101 bona
1007 2028 1254 2099 inesse
1303 2046 1522 2118 posse
1577 2046 1735 2094 non
1766 2045 2082 2121 negem,
2134 2022 2266 2095 sed
2292 2036 2378 2093 ut
2406 2023 2721 2095 librum

509 2118 983 2267 perlegerem
1003 2173 1059 2223 a
1089 2171 1216 2221 me
1251 2146 1657 2244 impetrare
1693 2168 1850 2223 non
1885 2146 2101 2240 potui
2118 2140 2231 2216 33).

778 2268 1337 2386 Recentissima
1387 2270 1625 2341 editio
1706 2284 1822 2340 est
1881 2266 2205 2342 Antonii
2262 2262 2714 2340 Baumstark

511 2388 1013 2496 (stuttgarti'ae
1079 2404 1314 2479 1828,
1419 2391 1678 2463 adhuc
1725 2403 1772 2470 2
1833 2392 2030 2463 voll.
2099 2397 2208 2478 8).
2341 2390 2553 2463 Dicit
2616 2390 2713 2463 in

508 2522 952 2624 praefatione
1034 2517 1149 2613 (p.
1186 2517 1373 2611 VI),
1458 2537 1540 2586 se
1605 2511 2025 2587 Daehnium
2093 2511 2422 2584 maxime
2487 2534 2708 2584 secu·

509 2668 679 2723 tum
713 2668 918 2730 esse3
979 2637 1228 2715 textui
1256 2633 1489 2711 varias
1526 2638 1923 2760 scripturas
1955 2638 2280 2710 subiecit
2313 2637 2474 2706 sine
2503 2633 2706 2707 iudi-

511 2771 631 2842 cio
705 2767 1243 2855 undecumque
1297 2782 1670 2860 corrasas3
1746 2761 1832 2830 in
1871 2759 2082 2830 libris
2124 2775 2386 2832 autem
2433 2762 2579 2830 VII
2622 2774 2706 2830 et

509 2891 695 2965 VIII
728 2888 1025 2957 Comm.
1070 2882 1161 2951 de
1210 2884 1296 2951 Β.
1343 2879 1437 2955 G.
1485 2902 1735 2950 meam
1774 2879 2250 2973 potissimum
2280 2881 2704 2954 editionem

502 3005 970 3103 compilavit.
1091 3002 1313 3097 Quod
1364 3017 1623 3072 autem
1672 3002 1860 3073 dixit
1910 3006 2151 3098 (praef.
2202 3027 2275 3100 p.
2324 3008 2544 3091 VII),
2609 3026 2701 3075 se

511 3148 815 3210 auctore
892 3127 1360 3222 Elberlingio
1421 3125 1897 3198 mentionem
1961 3128 2228 3199 fecisse
2286 3128 2695 3225 Kreyssigii

511 3255 888 3343 editionis,
922 3253 1395 3324 monendum
1427 3252 1709 3345 putavi,
1740 3274 1866 3325 me
1906 3250 1975 3325 ei
2009 3252 2295 3323 nullius
2327 3274 2691 3343 umquam

2821 990 2824 1057 ¹

511 3383 630 3456 rei
674 3390 1062 3478 auctorem
1112 3395 1272 3444 esse
1307 3374 1674 3457 voluisse3
1736 3373 1869 3444 sed
1904 3374 2232 3445 libenter
2262 3376 2369 3463 ei,
2428 3377 2490 3445 si
2525 3395 2691 3469 pos-
2821 3459 2822 3464 Ἰ

510 3489 683 3595 sim,
717 3497 1169 3599 persuadere
1203 3493 1465 3585 velim,
1502 3509 1589 3565 ut
1617 3493 1853 3588 pluris
1877 3489 2113 3568 faciat
2145 3498 2539 3594 scriptores
2562 3520 2689 3567 ve-

511 3617 756 3714 teres',
824 3615 1050 3717 quam
1095 3635 1186 3693 ut
1210 3618 1415 3690 ‘tales
1458 3637 1722 3687 eorum
1767 3615 2175 3708 editioneS‚
2252 3623 2496 3715 qualis
2524 3620 2680 3693 haec

516 3749 823 3828 Caesaris
855 3762 1010 3836 est,
1072 3746 1157 3817 in
1196 3744 1453 3817 lucem
1487 3740 1940 3814 emittendas
1974 3759 2296 3823 censeat.

622 4050 717 4121 33)
777 4045 906 4103 Cfr.
933 4044 1140 4103 Annal-
1164 4039 1521 4113 Heidelberg.
1546 4059 1596 4097 a.
1617 4046 1757 4106 1826
1778 4060 1855 4098 m.
1879 4040 2180 4099 Decembr.
2210 4059 2337 4118 pag.
2362 4048 2693 4107 1225-1232.
