2859 4700
1390 220 1453 310 3

338 450 509 499 vare
540 447 633 498 ex
662 426 873 499 libris
898 427 1268 500 Gudianis
1300 426 1666 499 lectiones
1707 426 2305 506 Codicum-MSS.
2340 433 2514 528 plus

331 573 559 644 quam
608 551 896 621 decem.
997 552 1227 622 Hunc
1262 551 1548 621 librum
1581 545 1845 644 postea
1885 552 2199 625 Davisio
2232 554 2513 629 Secun-

329 674 459 745 das
488 675 728 744 Cures
763 675 1272 767 conscripturo
1305 688 1385 743 et
1427 671 1697 744 deinde
1734 671 2272 768 Oudendorpio
2301 698 2516 752 com-

324 796 761 867 modaverat
781 791 857 872 2).
957 797 1394 868 Pervenisse
1446 808 1703 866 autem
1748 794 1958 865 hunc
2002 797 2285 872 librum
2328 822 2512 873 cum

322 920 811 990 ceteris'eius
862 921 1161 1016 generis
1202 917 1412 990 libris
1463 916 1921 990 Fabricianis
1972 917 2057 989 in
2094 919 2512 994 bibliothe-

321 1063 492 1115 cam
523 1042 861 1114 Univers‚
892 1042 1133 1116 Havn.
1180 1041 1335 1112 iam
1378 1057 1569 1111 tunc
1620 1039 1996 1133 sciebam,
2049 1062 2293 1133 quum
2346 1044 2516 1117 edi·-

318 1164 612 1236 tionem
663 1164 1404 1236 Commentariorum
1475 1162 1571 1236 de
1627 1164 1714 1234 B.
1783 1162 1873 1237 G.
1924 1185 2312 1248 curarem3
2373 1166 2518 1240 sed

317 1306 559 1377 quum
589 1287 1245 1357 ceterisomnibus
1284 1285 1702 1372 crederem,
1739 1285 2281 1378 Oudendorpio
2308 1310 2509 1361 sum·-

321 1425 533 1474 mam
572 1404 807 1476 fidem
842 1428 1005 1476 esse
1031 1406 1493 1494 habendam,
1560 1403 1836 1474 inutile
1867 1404 2269 1475 videbatur
2294 1406 2509 1483 hunc

318 1525 600 1597 librum
656 1528 939 1599 iterum
991 1528 1351 1605 conferre.
1473 1527 1745 1600 Postea
1799 1537 2062 1596 autem
2128 1546 2362 1619 quam
2418 1532 2504 1604 in

312 1648 471 1720 illis
517 1649 1081 1723 commentariis
1143 1640 1456 1720 edendis
1502 1646 1958 1735 didiceram,
2030 1669 2187 1721 non
2275 1652 2516 1726 nimio

314 1772 861 1845 confidendum
909 1795 1071 1843 esse
1110 1770 1693 1864 Oudendorpio,
1759 1769 1956 1842 libro
1981 1771 2122 1842 illo
2153 1774 2268 1845 uti
2306 1775 2516 1849 desi-'

311 1892 667 1966 derabam
686 1942 710 1984 ‚
801 1918 1135 1988 eumque
1173 1896 1532 1988 precibus
1560 1892 1753 1964 meis
1781 1906 2313 1968 concesserunt
2344 1898 2513 1972 cla-0

309 2017 585 2089 tissimi
624 2018 815 2088 Bibl.
861 2020 1077 2093 Univ.
1108 2019 1355 2090 Havn.
1393 2017 1755 2108 praefecti.
1856 2016 2333 2112 Magnopere
2357 2043 2506 2094 au-

312 2149 473 2206 tem
524 2139 895 2224 mirabar,
964 2137 1153 2228 quid
1188 2137 1337 2234 sibi
1383 2136 1678 2205 vellent
1726 2154 1857 2223 ea,
1887 2156 2079 2227 -quee
2111 2142 2195 2209 in
2222 2143 2504 2234 Kreys-
2609 2198 2630 2209 ,

312 2257 486 2355 sigii
540 2259 989 2331 Praefatione
1050 2263 1163 2352 (μ
1206 2253 1380 2352 ΙΙΙ.)
1458 2256 1929 2330 dicerentur:
1975 2254 2498 2337 ''Oudendor-

305 2381 525 2476 pium
603 2383 982 2475 permulta
1045 2381 1320 2453 futuris
1384 2380 2112 2454 commentariorum
2186 2386 2518 2461 Caesaris

305 2504 718 2576 editoribus
764 2505 1231 2592 retractanda
1277 2519 1509 2594 atque
1559 2502 2027 2575 emendanda
2071 2507 2498 2602 reliquisse,‘

306 2627 434 2698 vel
480 2649 572 2696 ex
606 2627 697 2698 iis
748 2627 1244 2720 intelligitur,
1312 2645 1483 2714 quae
1529 2624 1914 2715 Spohnius
1950 2626 2303 2700 editionis
2339 2636 2496 2705 Da-

310 2746 613 2818 visianae
658 2747 1009 2840 exemplo
1082 2740 1505 2818 multorum
1562 2746 1913 2820 codicum
1960 2747 2495 2827 collationibus

302 2870 627 2957 referto,
720 2869 922 2963 quod
1015 2868 1719 2965 ab‘Oudendorpio
1785 2871 2073 2947 Praefat.
2124 2895 2198 2966 Ρ.
2237 2882 2301 2960 ’9
2371 2876 2491 2954 ed;

301 2993 680 3089 Stutgard.
737 2994 1202 3086 descriptum
1232 3006 1392 3079 est,
1447 3027 1550 3047 -
1598 2994 1808 3067 hunc
1838 2994 1920 3065 in
1952 2995 2266 3066 modum
2299 3020 2490 3091 prae-

297 3117 631 3209 scripsit:
718 3117 840 3186 Ex
903 3118 1045 3188 hoo
1107 3117 1302 3186 libro
1357 3114 1721 3185 Davisius
1784 3129 1860 3185 et
1930 3119 2492 3213 Oudendorpius

295 3239 552 3310 varias
601 3237 947 3307 lectiones
981 3257 1154 3305 suas
1186 3239 1736 3326 depromserunt
1749 3251 1781 3313 3
1842 3235 1977 3305 sed
2022 3236 2209 3309 adeo
2253 3241 2489 3330 negli-

297 3370 558 3449 genter
571 3404 596 3447 ,
662 3369 748 3425 ut
790 3356 950 3427 sine
981 3355 1124 3427 hoc
1160 3356 1353 3427 libro
1381 3354 1593 3426 nulla
1619 3352 1725 3425 sit
1750 3354 2054 3429 illarum
2083 3361 2491 3437 editionum

278 3479 514 3576 fidae,
549 3479 796 3551 nullus
819 3503 1018 3551 usus.
1071 3478 1212 3550 His
1231 3476 1448 3566 adde,
1472 3499 1642 3569 quae
1671 3497 1769 3547 ex
1804 3479 2128 3571 Spohnii
2169 3484 2488 3577 epistola

297 3599 394 3672 de'
429 3600 689 3670 eadem
718 3624 795 3670 re
818 3602 910 3673 ad
932 3601 1258 3671 amicum
1280 3600 1548 3693 scripta
1581 3599 1897 3694 protulit
1914 3603 2484 3694 Seyfferthusin

565 3784 752 3828 torum
768 3815 784 3842 ,
834 3775 906 3828 ad
942 3777 1097 3832 cuius
1133 3774 1397 3830 ordinem
1429 3773 1492 3829 hi
1528 3771 1664 3827 libri
1703 3774 1765 3828 in
1799 3774 1945 3829 Bibl.
1988 3778 2253 3834 Univers.
2292 3782 2480 3836 Havn.

561 3875 867 3922 servantur
882 3908 896 3932 ,
940 3866 1225 3938 reperitur
1262 3882 1390 3939 pag.
1424 3873 1531 3927 202
1556 3865 1663 3919 No.
1686 3861 1788 3930 46:
1846 3867 1915 3922 ln
1940 3865 2132 3923 fronte
2158 3871 2323 3923 huius
2346 3868 2483 3924 libri

559 3958 733 4030 ipsius
760 3957 1005 4011 Fabricii
1026 3974 1201 4012 manu
1217 4000 1245 4040 ²,
1263 3976 1388 4030 quae
1416 3956 1557 4010 mihi
1578 3971 1645 4010 ex
1670 3958 1862 4014 multis
1885 3959 2004 4014 aliis
2028 3960 2144 4014 eius
2167 3958 2342 4023 libris,
2381 3961 2482 4030 qui

564 4049 799 4103 Havniae
841 4057 1000 4116 sunt,
1050 4047 1178 4103 satis
1229 4057 1364 4103 nota
1402 4056 1511 4116 est,
1574 4048 1850 4122 scriptum
1888 4049 2089 4117 legitur
2124 4051 2212 4102 Jo.
2253 4048 2480 4106 Alberti

563 4140 845 4196 Fabricii.
886 4146 1041 4203 1708.

431 4225 488 4301 ᾖ)
559 4231 814 4287 Oudend.
842 4232 1005 4287 Praef.
1029 4248 1153 4305 pag.
1179 4231 1312 4288 VIII
1333 4247 1454 4305 sqq.
1483 4230 1567 4285 ed·
1598 4231 1775 4301 Stutg.

1829 4337 1917 4416 1*
