2859 4700
1251 238 1372 330 85

226 454 312 526 in
363 453 682 524 aliorum
733 459 1213 541 conspectum
1264 444 1562 540 prodire
1605 445 1854 519 nolint
1875 442 1951 518 1).
2070 449 2406 537 Accedit,
2461 474 2470 481 ·

228 576 436 668 quod
468 571 945 648 latitantibus
990 569 1534 671 tantummodo·
1560 571 1643 641 in
1675 569 2172 644 deterioribus
2207 573 2410 643 codi-

226 699 481 786 cibuS,
555 711 635 768 et
676 717 773 765 ne
822 693 1031 763 iniis
1063 691 1372 784 quidem
1405 693 1797 781 omnibus,
1850 693 2172 791 legitur,
2228 716 2412 765 nam

224 822 473 895 Havn.
520 821 646 905 A.,
731 819 1026 904 Petam,
1089 812 1304 887 Leid.
1358 817 1621 908 prim,
1688 815 2027 905 Nor-vic„
2092 817 2408 904 Lovan„

225 943 446 1013 Lem.
498 943 576 1012 B.
615 951 697 1009 et
731 938 814 1012 C.
854 935 1145 1006 habent
1171 937 1551 1026 latitatis,
1604 937 1807 1028 quod
1840 938 2039 1009 nihil
2074 953 2230 1025 est,
2278 937 2412 1009 sed

223 1063 425 1132 unde
458 1061 785 1131 alterum
822 1059 1042 1129 facile
1075 1059 1393 1132 alicuius
1423 1060 1864 1133 coniectura
1900 1061 2102 1130 effici
2139 1073 2410 1152 posset·

225 1182 625 1268 Oudend.,
683 1183 829 1254 Th.
866 1181 1229 1271 Bentley,
1283 1181 1649 1270 oberlin,
1700 1182 1902 1254 Held
1936 1180 2415 1257 latitantibus

224 1329 319 1375 ex
390 1305 637 1398 glossa
660 1297 717 1366 2)
780 1296 1160 1393 irrepsisse
1225 1315 1543 1395 putant,
1639 1303 1844 1393 quod
1909 1303 2200 1374 factum
2254 1326 2413 1372 esse

232 1424 592 1514 equidem
664 1446 823 1493 non
876 1423 1100 1493 facile
1144 1423 1638 1508 crediderim,
1704 1424 2112 1495 Markland
2158 1440 2417 1494 autem

231 1546 662 1638 (Explicatt.
698 1556 883 1641 pag.
917 1545 1105 1638 267)
1157 1565 1249 1614 ex
1284 1545 1614 1617 latitatis
1648 1547 2127 1617 scribendum
2166 1546 2416 1617 conie-

231 1670 340 1742 cit
392 1669 816 1765 intentatis,
888 1667 1093 1757 quod
1138 1688 1766 1737 commemorasse
1816 1668 2170 1744 sufficiet.
2292 1664 2415 1737 Ad

228 1789 577 1864 codicum
626 1789 945 1858 ductum
974 1787 1459 1860 scribendum
1522 1790 1858 1861 videtur:
1942 1803 2025 1861 ut
2078 1789 2414 1863 invisi·

220 1913 466 1983 tatis
523 1924 681 2002 atq
700 1933 800 1981 ue
846 1910 1256 1997 incognitis
1305 1913 1565 2003 rebuS,
1652 1911 1731 1986 h.
1786 1933 1853 1979 e.
1903 1910 2173 2000 rebuS,
2227 1932 2414 2001 quas

221 2055 383 2109 non
445 2055 638 2123 saepe
704 2031 1031 2101 vidimus
1095 2045 1174 2099 et
1239 2045 1640 2121 propterea
1685 2053 1842 2101 non
1895 2033 2413 2125 cognovimus,

227 2150 436 2240 quod
472 2152 554 2223 h.
590 2149 684 2235 1.,
734 2149 872 2218 ubi
905 2151 994 2219 L.
1039 2148 1328 2219 Nasidii
1363 2150 1617 2219 classis
1652 2151 2074 2243 respicitur,
2129 2151 2415 2243 optime

228 2254 378 2344 dici
413 2268 636 2340 facile
679 2283 1009 2363 apparet.
1115 2271 1429 2341 Constet
1461 2286 1864 2364 praeterea,
1921 2273 2179 2342 vocab.
2223 2272 2418 2344 invi·

224 2397 508 2469 sitatus
550 2414 746 2485 saepe
807 2416 848 2461 a
897 2391 1219 2464 librariis
1269 2409 1707 2488 corruptum
1756 2417 1967 2482 esse,
2035 2395 2416 2474 vid.‘1ntt.

227 2516 432 2588 Livii
456 2526 532 2601 4,
575 2526 702 2600 33,
741 2527 827 2596 13
881 2519 952 2600 5,
997 2521 1119 2601 17,
1161 2526 1212 2596 8
1263 2517 1441 2607 (ubi
1480 2539 1619 2608 pro
1665 2505 2136 2589 invisitatam
2176 2518 2258 2586 in
2281 2520 2414 2586 tri·-

229 2638 378 2708 bus
408 2636 625 2716 codd.
660 2649 775 2704 est
809 2636 1200 2727 invisam),
1250 2647 1327 2724 5,
1350 2645 1484 2727 35,
1514 2650 1606 2722 43
1658 2644 1733 2725 5,
1764 2646 1890 2728 37,
1913 2650 2004 2723 23
2057 2646 2177 2728 27,
2197 2644 2320 2729 39,
2343 2647 2414 2719 8.

493 2910 600 2995 11,
643 2916 768 2998 21,
821 2916 891 2984 2.
1007 2910 1250 2981 Caesar
1275 2945 1382 2961 —
1416 2911 1735 2992 tributis
1767 2909 2218 3002 quibusdam
2258 2935 2416 3006 pu-

220 3029 512 3104 blicis
547 3017 1018 3125 privatisque
1060 3033 1439 3125 proemiis,
1511 3033 1845 3120 reliquos
1903 3033 1990 3101 in
2030 3044 2419 3125 posterum

223 3135 414 3227 bona
460 3176 586 3244 spe
620 3154 958 3241 complet.
1741 3231 1755 3244 .

496 3272 618 3341 Sic
653 3288 959 3356 omnes,
1031 3278 1117 3333 ut
1149 3266 1490 3353 videtur,
1559 3266 1925 3338 editiones
1961 3264 2062 3363 1),
2134 3292 2413 3364 neque,

228 3394 293 3465 si
341 3391 829 3463 Ciacconium
895 3387 1317 3481 exceperiS,
1411 3388 1816 3480 quisquam
1884 3391 1978 3461 de
2025 3393 2415 3487 scripturae

278 3636 287 3641 -
365 3604 421 3674 1)
466 3601 781 3656 Lucretius
815 3601 1046 3674 quidem
1089 3602 1152 3671 (Ι,
1176 3608 1300 3668 643,
1321 3607 1446 3667 874,
1468 3606 1593 3669 876,
1616 3604 1742 3672 889)
1770 3603 2049 3658 latitandi
2071 3602 2317 3664 verbum
2344 3606 2414 3661 de

494 3691 671 3747 rebus
694 3693 1017 3766 usurpavit,
1058 3703 1115 3748 et
1136 3693 1371 3749 Ovidius
1398 3695 1650 3763 (Metam.
1676 3694 1748 3761 X,
1769 3695 1894 3767 449)
1921 3695 2233 3752 latitantia
2254 3699 2413 3756 side-

343 3811 347 3822 ·
497 3803 567 3839 ra
601 3784 766 3851 dixit3
809 3784 906 3839 sed
948 3785 1100 3858 quod
1137 3783 1315 3858 poetis
1349 3783 1535 3839 dicere
1578 3785 1763 3854 licuit,
1824 3804 1948 3843 non
1980 3787 2256 3844 continuo
2283 3788 2412 3841 licet

374 3861 379 3870 ⁸
494 3893 677 3948 prosae
702 3875 974 3930 orationis
998 3876 1280 3949 scriptori.

360 3969 418 4038 2)
487 3968 682 4023 Moser
707 3967 765 4038 (l.
792 3985 840 4021 c.
854 3985 912 4040 p.
927 3968 1050 4035 515)
1081 3976 1389 4041 propterea
1413 3967 1563 4022 hanc
1587 3984 1787 4023 vocem
1810 3968 2057 4024 additam
2084 3966 2248 4027 fuine
2270 3979 2409 4020 cen-
2451 4037 2460 4044 .

490 4069 598 4126 set,
636 4076 710 4112 ne
733 4058 858 4130 quis
882 4057 1080 4112 vocab.
1111 4059 1320 4116 invisis
1344 4059 1491 4113 male
1519 4058 1871 4130 intelligeret.

361 4152 416 4223 1)
486 4150 657 4221 Quod
683 4149 835 4204 enim
859 4149 1104 4221 Scaliger
1132 4158 1188 4202 et
1214 4159 1345 4222 post
1384 4168 1516 4204 eum
1556 4150 1647 4204 alii
1677 4149 1852 4202 verba
1896 4144 2127 4199 tributis
2152 4172 2224 4189 —
2241 4163 2408 4219 proe-

486 4244 622 4299 miis
639 4240 1027 4317 superioribus
1050 4240 1448 4309 adiunxerant,
1476 4258 1632 4296 nunc
1655 4256 1777 4295 non
1802 4252 1962 4303 curn,
1993 4254 2172 4308 quum
2199 4246 2415 4293 veteres
