2859 4700
1274 203 1396 299 57

512 415 1174 489 Commemorandi
1208 415 1539 508 denique
1572 429 1750 485 sunt
1777 412 2066 508 aliquot
2081 418 2236 488 Viri
2263 421 2420 490 Do-

244 540 395 626 cti,
459 520 592 630 qui
629 537 779 610 hos
801 542 1385 611 commentarios
1428 560 1590 617 ¹non
1632 538 2034 611 ediderunt
2075 535 2417 631 quidem,
2491 598 2496 603 .

244 662 378 734 sed
428 677 690 733 tamen
738 664 1143 735 emendare
1192 677 1273 732 et
1325 663 1704 755 explicare
1749 663 2000 734 conati
2040 675 2242 733 sunt.
2351 663 2416 734 Ι.

241 784 651 858 Markland
677 786 759 857 in
785 785 1442 882 'Explicationibus
1489 798 1817 856 veterum
1844 785 2132 877 aliquot
2168 799 2423 857 aucto·

242 933 446 999 rum,
522 931 694 1001 quae
741 925 912 1002 post
952 910 1367 982 editionem
1411 907 1798 1000 Euripidis
1838 907 2279 999 supplicum
2324 909 2423 978 ab

240 1055 337 1103 eo
367 1046 709 1103 curatam
736 1030 827 1099 41)
852 1033 1238 1130 leguntur,
1291 1053 1460 1128 pag.
1494 1032 1827 1115 264-279
1856 1029 2114 1123 plures
2146 1028 2428 1099 horum

204 1155 985 1237 ,Commentariorum
1008 1156 1215 1228 locos
1249 1154 1503 1225 critice
1540 1153 1933 1235 tractavit3
2005 1150 2139 1223 sed
2179 1152 2432 1221 conie-

242 1291 481 1349 cturae
523 1278 713 1363 eim,
769 1296 1096 1366 quarum
1128 1277 1412 1368 aliquot
1437 1277 1654 1346 infra
1677 1275 2041 1365 efferam,
2094 1273 2428 1365 plerum·

249 1419 402 1486 que
459 1396 935 1468 violentiores
999 1410 1212 1483 sunt,
1302 1418 1536 1487 quam
1600 1408 1691 1463 ut
1772 1393 2068 1486 probari
2120 1393 2429 1485 possint.

253 1520 621 1590 Praeterea
680 1521 770 1589 G.
815 1520 923 1601 Μ.
969 1521 1313 1611 Doering
1341 1517 1639 1611 scripsit
1670 1517 2245 1588 Observationes
2290 1518 2428 1588 cri-

251 1641 439 1711 ticas
468 1644 551 1711 in
581 1642 869 1734 aliquot
898 1647 960 1720 1.
980 1644 1289 1725 Caesaris
1310 1641 1535 1715 locos.
1553 1643 1809 1734 Progr.
1829 1639 2207 1734 Fribergae
2234 1648 2427 1718 1821

250 1764 433 1848 (vid.
473 1763 766 1835 Daehne
805 1766 898 1837 ad
936 1769 1019 1837 Β.
1053 1765 1145 1840 G.
1182 1777 1265 1851 1,
1317 1765 1416 1844 26
1446 1784 1617 1859 pag·
1654 1763 1843 1855 348)
1878 1775 1957 1832 et
1995 1762 2432 1839 GGAElade

247 1885 822 1958 Observationes
877 1887 973 1959 ad
1023 1888 1193 1959 loca
1240 1886 1591 1979 quaedam
1629 1885 1943 1955 Caesaris
1973 1886 2051 1954 et
2082 1883 2428 1954 aliorum.

244 2010 502 2102 Progr.
542 2010 919 2103 Fribergae
962 2019 1214 2098 ι1813,
1278 2019 1349 2086 4.
1401 2007 1580 2092 (vid.
1607 2004 1925 2078 ‘Daehne
1965 2005 2059 2076 ad
2112 2008 2194 2076 Β.
2227 2004 2319 2075 G.
2351 2016 2429 2091 3,

254 2139 349 2204 13
380 2149 552 2220 pag.
583 2128 814 2216 355>3
868 2127 1002 2198 sed
1045 2128 1136 2195 de
1166 2127 1483 2210 libellis,
1539 2146 1729 2216 quos
1762 2125 1958 2195 mihi
1988 2125 2240 2194 videre
2278 2147 2437 2194 non

252 2245 611 2340 contigit,
682 2246 1058 2320 iudicium
1098 2248 1296 2316 ferre
1345 2268 1504 2316 non
1553 2247 1822 2317 audeo.
1923 2246 2114 2342 Legi
2150 2261 2433 2334 autem,

252 2390 441 2459 quae-
465 2372 542 2440 C.
575 2370 662 2445 G.
697 2370 927 2441 Iacob
959 2372 1039 2441 in
1075 2370 1474 2474 Quaestion.
1528 2372 1846 2445 Lucien.
1884 2370 2090 2464 (post
2111 2370 2436 2442 Luciani

253 2491 625 2592 Toxarin,
678 2493 893 2562 Halis
925 2495 1194 2571 Saxon.
1231 2501 1472 2579 1825,
1540 2500 1623 2578 8)
1660 2516 1821 2587 cap·
1853 2496 1960 2565 VI
1992 2516 2162 2589 pag.
2202 2504 2432 2574 23·31

251 2613 546 2702 scripsit
575 2615 664 2681 de
696 2614 1035 2685 ubertate
1064 2629 1138 2685 et
1171 2613 1621 2684 verbositate
1658 2616 2007 2700 Coesaris3
2060 2635 2240 2683 vera
2274 2617 2438 2705 qui-

253 2733 432 2803 dem
463 2746 680 2818 sunt,
736 2755 906 2825 quae
938 2715 1069 2806 hic
1103 2749 1555 2824 monentur,
1610 2736 1746 2808 sed
1779 2736 2099 2806 libenter
2133 2738 2228 2805 ab
2265 2737 2436 2806 aliis

248 2852 506 2928 doceri
538 2854 813 2943 velim,
867 2858 1049 2948 quid
1075 2858 1199 2928 his
1229 2860 1407 2930 insit
1449 2879 1605 2928 non
1638 2857 1928 2930 dudum
1970 2858 2063 2929 ab
2097 2858 2262 2931 aliis
2298 2859 2435 2929 ob·-

146 2959 151 2968 ’
243 2991 650 3048 servatum.
759 2980 954 3077 Legi
997 2981 1229 3051 etiarn
1267 2983 1354 3052 G.
1401 2983 1521 3057 W.
1544 2982 1636 3051 G.
1672 2983 2043 3054 Lochneri
2074 2978 2444 3051 Observa-'

244 3101 492 3171 tiones
522 3099 616 3170 ad
647 3102 957 3171 Caesaris
988 3102 1734 3173 Commentariorum
1786 3102 1994 3172 locos
2040 3102 2431 3192 quosdam,

248 3222 768 3313 Norimbergae
806 3230 1047 3309 1828,
1100 3230 1175 3299 8.
1280 3218 1625 3290 Multum
1673 3218 1749 3289 ei
1792 3217 2205 3314 legendum
2245 3242 2429 3310 esse,

251 3355 665 3429 antequam
715 3339 937 3432 plura
977 3341 1298 3428 scribat,
1370 3340 1654 3436 linguae
1694 3339 2012 3411 infantia
2063 3333 2459 3429 ostendit3·

253 3463 350 3533 de
389 3460 700 3531 Caesaris
754 3477 1011 3531 autem
1061 3464 1309 3534 verbis
1356 3461 1849 3534 emendandis
1882 3479 2017 3535 aut
2049 3468 2433 3559 explican-

255 3584 372 3654 dis
417 3583 575 3651 fere
629 3582 826 3655 nihil
856 3584 1034 3654 novi
1074 3602 1154 3655 et
1187 3586 1535 3679 paullum
1574 3586 1752 3657 boni
1778 3590 2095 3659 monuit.
2203 3593 2430 3688 Igno·

252 3705 517 3775 rantiae
587 3706 972 3796 specimen
1042 3713 1284 3777 unum
1331 3708 1694 3780 suffic-ieta
1793 3731 1964 3807 pag.
2027 3724 2122 3791 12
2172 3732 2430 3785 censet

251 3827 484 3897 verba
512 3809 768 3920 prima
811 3831 1096 3921 vesperi
1137 3834 1253 3914 (Β.
1288 3832 1366 3904 C.
1410 3845 1491 3917 1,
1549 3842 1689 3918 205
1749 3838 1825 3918 1)
1877 3833 2148 3906 eodem
2198 3838 2424 3905 modo

250 3951 453 4023 dicta
483 3972 643 4019 esse
664 3994 686 4036 ,
754 3973 903 4043 quo
934 3951 1115 4023 alibi
1149 3953 1427 4024 dicitur
1469 3954 1715 4047 primo
1749 3978 1979 4025 mane.

252 4271 263 4284 .
353 4221 444 4288 41)
514 4219 632 4290 Ego
656 4236 788 4276 usus
810 4237 936 4304 sum
962 4220 1196 4276 editione
1221 4220 1488 4295 Lipsiensi
1515 4227 1669 4289 1822,
1703 4227 1757 4284 8.
1861 4283 1880 4292 ·
