2859 4700
1491 166 1669 253 110

493 375 794 465 dorpius
850 392 929 437 se
978 371 1151 436 fere'
1197 365 1739 438 cum-Grutero
1798 376 2114 450 credere·
2151 379 2554 476 significat,
2611 348 2674 444 e·

440 556 447 565 .
488 493 824 582 margine
857 489 941 557 in
980 502 1272 559 textum
1298 490 1676 582 irrepsisse
1745 504 1831 583 τις
1861 499 2118 569 adessa
2164 509 2236 579 G.
2272 520 2462 576 omn.
2502 518 2662 592 cop·

487 611 916 697 nunciarem
994 613 1144 697 iam
1176 612 1379 681 enim
1417 612 1686 682 dixisse
1722 631 2102 687 auctorem
2153 629 2245 692 de
2278 623 2664 716 repentino

483 734 809 804 adventu
854 750 991 810 cet.
1113 734 1328 806 Idem
1399 734 1760 806 Oberlino
1825 739 2125 830 placuit.
2248 747 2538 818 Heldio
2587 760 2668 815 et

484 852 811 930 Daehnio
858 860 1203 927 sufficere
1253 856 1589 945 videtur,
1660 860 1723 928 si
1774 863 1995 931 verba
2032 864 2369 934 omnibus
2417 870 2675 959 copiis

485 984 929 1062 eiiciantur3
985 981 1118 1055 sed
1153 982 1258 1049 ita
1292 995 1682 1073 corruptos
1719 982 1926 1054 locos
1959 1008 2251 1076 sanare,
2303 1002 2427 1073 ut,
2483 1008 2668 1077 quae

482 1127 638 1173 non
671 1103 1212 1198 intelligimus,
1283 1104 1709 1192 eiiciamuS‚
1774 1106 1969 1176 mihi
2009 1108 2166 1193 non
2203 1130 2677 1203 magnopere

481 1225 774 1319 placet,
831 1248 1071 1316 quum
1107 1227 1522 1318 praesertim
1569 1228 1782 1296 nulla
1828 1251 2085 1298 caussa
2138 1230 2448 1326 cogitari
2500 1249 2681 1319 pos·-

482 1352 617 1434 sit‚
708 1370 846 1418 cur
895 1348 1061 1420 haec
1109 1349 1190 1417 in
1234 1348 1571 1443 margine
1621 1353 1863 1442 posita
1915 1353 2146 1421 fuisse
2209 1352 2676 1423 iudicentur.

479 1470 653 1540 Hoc
685 1470 923 1562 igitur
953 1485 1249 1542 certum
1280 1473 1617 1556 videtur,
1675 1495 1766 1540 eo
1795 1473 1964 1542 loco
1986 1521 2008 1560 ,
2066 1454 2219 1564 quo
2251 1474 2416 1547 haec
2440 1473 2678 1541 verba

479 1591 561 1659 in
615 1589 1004 1657 codicibus
1051 1591 1463 1678 leguntur,
1538 1593 1822 1678 aliquid
1871 1615 1913 1660 a
1952 1596 2242 1663 Caesare
2300 1595 2674 1685 scriptum

476 1708 734 1787 fuisse,
791 1705 993 1791 quod
1025 1704 1312 1772 librarii
1343 1723 1865 1795 corruperunt3
1919 1726 2000 1777 et
2029 1712 2197 1780 loco
2232 1716 2672 1809 diligentius

476 1829 846 1917 inspectO,
870 1814 1288 1895 'desiderari
1309 1827 1697 1917 apparebit
1718 1837 2526 1905 commemorationem
2563 1839 2660 1908 lo-

480 1970 788 2036 corum,
864 1946 993 2018 ubi
1029 1969 1259 2038 equos
1291 1948 1672 2017 Vibullius
1721 1940 2150 2022 mutaverit.
2256 1958 2428 2025 Hoc
2481 1958 2666 2030 vidit

478 2074 819 2167 LipsiuS,
875 2056 1006 2162 qui
1039 2069 1450 2167 legendum
1490 2071 2199 2144 coniecitomnibus
2251 2081 2538 2172 oppidis
2568 2077 2690 2165 7);,

478 2204 710 2289 ‘quam
747 2194 1100 2286 equidem
1122 2194 1636 2263 coniecturam
1660 2215 1817 2262 non
1851 2196 2159 2265 omnino
2182 2201 2667 2273 reficiendam

476 2296 644 2388 esse
679 2340 977 2405 censeo,
1018 2317 1201 2390 licet
1234 2315 1363 2385 hic
1392 2317 1628 2387 rarius
1666 2316 1969 2410 aliquod
2008 2316 2434 2391 vocabulum
2467 2321 2644 2386 scti-

477 2456 699 2537 ptum
724 2441 953 2511 fuisse
985 2439 1341 2532 suspicer,
1378 2440 1584 2532 quod
1619 2463 1772 2512 non
1803 2440 2267 2514 intellectum
2283 2442 2638 2507 'mutave-

478 2567 633 2637 rint
658 2564 981 2639 librarii.-
2271 2566 2284 2574 ’

746 2684 1137 2779 Quidquid
1171 2698 1426 2754 autem
1456 2685 1608 2758 hoc
1652 2686 1819 2756 loco
1852 2665 2218 2778 scriptum
2240 2683 2424 2768 fuit,
2489 2679 2666 2750 fere

480 2822 777 2880 certum
816 2822 972 2890 est,
1029 2807 1451 2876 Vibullium
1487 2811 1912 2899 profectum
1946 2832 2105 2878 esse
2137 2809 2266 2877 via
2295 2793 2662 2897 Egnatic'z,

480 2952 711 3023 quam
755 2949 847 2997 ex
893 2926 1206 3020 Polybio
1255 2923 1435 3023 (vid.
1495 2931 1788 3021 Polybii
1826 2929 2281 3028 Fragm.‘lib.
2325 2931 2668 3014 34,’12,

474 3066 698 3143 3sqq.
719 3050 1185 3147 Schweigh.)
1226 3049 1618 3144 descripsit
1635 3055 1900 3125 Strabo
1934 3058 2108 3141 (VII
2128 3075 2198 3146 p.
2230 3061 2379 3140 322
2414 3071 2500 3141 sq
2526 3045 2668 3143 )8),

476 3197 797 3275 quaeque
817 3174 1218 3267 Apollonia
1244 3187 1323 3242 et
1337 3177 1821 3265 Dyrrhachio
1843 3179 2202 3250 Clodiana
2215 3170 2296 3263 9),
2334 3173 2509 3246 inde
2526 3196 2674 3267 per

608 3573 666 3640 7)
735 3570 869 3623 Haec
891 3571 1212 3624 coniectura
1228 3571 1277 3623 ei
1304 3568 1576 3626 tribuitur
1603 3574 1664 3627 in
1688 3576 1942 3648 margine
1957 3574 2296 3643 Fabriciani,
2335 3583 2390 3629 et
2415 3576 2475 3629 in
2487 3576 2670 3648 Epist.

743 3661 814 3712 ad
840 3661 1005 3715 Italos
1035 3671 1090 3716 et
1118 3664 1400 3735 Hispanos
1425 3680 1513 3735 ep.
1539 3672 1609 3726 59
1635 3666 1779 3738 (pag.
1804 3676 1909 3732 604
1933 3669 2019 3723 ed.
2045 3667 2252 3740 Vesal.)
2289 3666 2444 3722 hunc
2470 3666 2674 3721 locum

741 3749 860 3803 sine
887 3749 1006 3803 ulla
1035 3751 1394 3806 annotatione
1418 3754 1491 3809 ita
1513 3757 1789 3832 scriptum
1812 3757 2052 3832 profert·

489 3928 517 3941 —
572 3913 583 3918 -
610 3865 668 3935 8)
737 3862 1012 3917 Eamdem
1039 3864 1191 3919 viam
1212 3865 1417 3920 indicat
1443 3867 1640 3936 Cicero
1668 3870 1736 3924 de
1761 3872 1933 3925 Prov.
1960 3870 2190 3926 Consul.
2215 3881 2280 3938 2,
2314 3849 2382 3942 4{
2428 3879 2526 3936 12,
2578 3877 2679 3939 313

740 3955 804 4010 in
830 3952 1017 4010 Pison.
1047 3963 1131 4023 17,
1169 3964 1268 4025 405
1317 3956 1420 4013 cfr.
1449 3959 1653 4014 Tabul.
1679 3963 1999 4035 Peuu'nger.
2036 3965 2223 4034 Segm.
2251 3965 2331 4020 VI
2360 3962 2440 4040 C„
2472 3962 2678 4033 segm.

741 4047 852 4103 VII
876 4046 944 4104 A.
973 4048 1057 4101 ed.
1084 4049 1373 4106 Mannert.

611 4164 668 4234 9)
738 4160 1013 4218 Antonini
1039 4163 1304 4220 Itinerar.
1330 4183 1388 4237 p.
1411 4170 1518 4228 317
1540 4182 1622 4237 sq.
1649 4175 1703 4220 et
1722 4172 1829 4231 329
1854 4167 1938 4222 ed.
1966 4168 2223 4227 vvessel.
