2859 4700
1456 224 1614 356 >54

472 441 732 515 nullus
776 434 983 509 valde
1020 436 1373 527 antiquus
1407 450 1541 524 est,
1599 434 2163 529 profluxerunt,
2220 432 2514 523 sedita,
2569 428 2664 504 tit

418 633 427 641 ,
468 564 606 635 alii
639 582 735 630 ex
764 560 927 654 ipso
961 559 1395 657 apographo
1416 605 1438 648 ,
1492 559 1617 631 alii
1651 581 1742 631 ex
1777 560 1938 630 eius
1973 538 2406 656 apographo
2440 573 2518 628 et
2547 557 2664 628 sic

471 705 699 779 porro
772 683 1392 758 describerentur.
1529 683 1732 755 Hinc
1793 668 2152 775 apparere
2211 697 2443 775 puto,
2519 681 2667 773 qui

467 808 766 887 factum
818 806 959 895 sit,
1011 821 1103 879 ut
1136 805 1433 876 codices
1473 802 2009 898 corruptissimi
2063 803 2360 896 quique.
2386 806 2670 899 optimi

471 927 665 1018 sint,
718 928 884 1000 aliis
925 916 1226 1016 autem,
1279 926 1414 1019 qui
1460 918 1889 1021 probabiles
1928 926 2312 998 interdurn
2339 928 2669 1020 scriptu-

469 1071 590 1124 ras
624 1050 888 1121 afferre
918 1048 1358 1137 videantur,
1433 1049 1619 1120 fides
1664 1049 1927 1121 haberi
1953 1064 2324 1141 nequeat3
2375 1045 2509 1119 sed
2536 1049 2671 1118 in·-

438 1171 1124 1265 *didem‘apparen
1199 1194 1337 1242 cur
1381 1171 1790 1266 saepissime
1840 1195 2149 1266 operam
2197 1169 2673 1266 perdiderim:

469 1294 763 1383 critici,
818 1294 953 1388 qui
976 1304 979 1305 *
999 1294 1373 1368 vocabula
1419 1295 1774 1388 quaedam
1832 1310 2188 1388 corrupta
2226 1295 2669 1367 coniectura

468 1416 807 1515 sananda
867 1440 1029 1489 esse
1091 1432 1454 1512 putarent
1508 1441 1759 1512 neque
1813 1419 2193 1507 viderent,
2264 1415 2668 1487 desiderari

468 1539 870 1631 quaedam,
954 1554 1122 1633 quae
1182 1540 1561 1631 probabili
1625 1541 2163 1612 emendatione
2209 1538 2459 1610 sanari
2499 1537 2668 1631 ple-

469 1680 793 1750 rumque
826 1657 1254 1750 nequirent.

736 1777 926 1846 Haec
974 1789 1234 1846 autem
1279 1798 1378 1845 ne
1411 1775 1577 1866 quis
1609 1790 1829 1867 putet
1865 1798 1908 1846 a
1942 1797 2069 1846 me
2105 1776 2285 1847 ficta
2319 1801 2519 1863 esse,
2574 1793 2676 1849 ut

468 1897 894 1970 faciliorem
961 1896 1413 1969 emendandi
1465 1898 1667 1967 viam
1710 1895 2119 1990 reperirem
2169 1891 2380 1990 (nam
2425 1896 2674 1965 inter-

466 2020 657 2091 dum
692 2021 890 2092 nihil
921 2019 1219 2094 facilius
1256 2021 1524 2110 utique
1560 2032 1701 2107 est,
1763 2040 2000 2109 quam
2029 2012 2375 2087 asterisco
2413 2016 2671 2109 posito

469 2142 731 2217 locum
785 2143 1248 2237 praeterire),
1314 2140 1789 2212 monendum
1840 2140 2185 2225 videtur,
2239 2136 2449 2207 idem
2484 2144 2672 2204 ante

471 2289 599 2338 me
648 2267 832 2338 alios
879 2268 1196 2354 vidisse,
1268 2263 1397 2334 sed
1434 2286 1592 2332 non
1636 2263 1788 2351 ita,
1842 2276 1930 2333 ut
1962 2259 2160 2332 mihi
2196 2260 2346 2330 hoc
2379 2257 2672 2328 facien-s

475 2391 664 2461 dum
714 2388 1048 2478 videtur,
1120 2388 1207 2456 :in
1248 2409 1475 2456 usum
1519 2386 2000 2461 convertisse.
2057 2389 2066 2396 “
2104 2388 2170 2455 Α
2200 2380 2670 2456 facilioribus

473 2511 572 2584 ad
623 2509 1048 2580 difficiliora
1097 2525 1589 2584 transeamus,
1672 2508 1851 2578 Post
1909 2507 2195 2577 librum
2241 2506 2676 2578 secundum

472 2633 721 2704 multa
765 2625 1583 2706 desiderari-viderunt
1626 2649 1922 2716 omneS,
1993 2641 2072 2698 et
2114 2644 2318 2700 certa
2350 2651 2470 2698 res
2509 2641 2669 2714 est,

476 2763 727 2844 neque
762 2754 1164 2843 quisquam
1195 2753 1602 2840 dubitavit,
1658 2753 1845 2843 quin
1881 2764 2053 2843 post
2080 2763 2155 2841 3,
2189 2757 2291 2833 50
2321 2749 2668 2842 quaedam

478 2873 754 2974 bmissa
790 2887 1060 2948 essent.
1151 2871 1337 2944 Haec
1378 2869 1637 2942 autem
1675 2855 1957 2942 maiora
1991 2888 2211 2958 sunt,
2267 2872 2399 2944 sed
2436 2875 2667 2942 etiam

477 2997 772 3088 aliquot
819 2977 1047 3066 rerba
1096 2993 1439 3065 excidere
1481 2996 1815 3098 potuisse
1870 2994 1966 3067 ad
1996 3006 2072 3088 3,
2110 3005 2242 3084 22,
2275 3007 2365 3081 23
2415 3006 2493 3083 3,
2528 3002 2661 3087 54,

481 3134 576 3209 23
626 3107 701 3207 3,
741 3123 865 3213 65,
914 3131 970 3201 4
1020 3119 1247 3190 multi
1289 3118 1687 3204 viderunt3
1764 3117 2023 3190 deesse
2070 3133 2326 3190 autem
2372 3115 2665 3204 aliquid

458 3244 1058 3336 *Oudendorpius
1110 3244 1535 3336 suspicatus
1572 3258 1686 3312 est
1720 3240 1816 3311 ad
1841 3254 1915 3330 3,
1956 3244 2073 3330 16,
2110 3253 2159 3321 3
2193 3255 2271 3312 et
2293 3252 2368 3327 3,
2397 3244 2520 3324 71,
2560 3247 2656 3317 13

479 3366 983 3452 Marklandus
1044 3364 1140 3432 ad
1187 3369 1280 3449 3,
1328 3375 1468 3452 38,
1513 3374 1566 3442 4
1614 3365 2041 3454 (Explicatt.
2093 3367 2292 3434 Vett.
2339 3375 2537 3432 auct.
2589 3361 2670 3450 p(

483 3493 709 3571 272>3
770 3486 930 3578 ipse
982 3486 1178 3556 infra
1228 3483 1325 3553 ad
1369 3494 1445 3570 22
1483 3492 1620 3567 293
1692 3495 1766 3568 32
1808 3495 1926 3571 13,
1966 3493 2051 3568 53
2102 3497 2175 3575 3,
2214 3494 2337 3573 53,
2380 3489 2426 3564 5
2458 3483 2667 3556 idem

480 3623 898 3679 monstrare
929 3605 1309 3687 conabor,
1346 3604 1860 3677 alias-lacunas
1897 3625 2052 3678 non
2080 3631 2359 3703 paucas
2392 3609 2475 3678 in
2513 3606 2668 3676 edi·

482 3726 693 3799 tione
718 3729 1008 3798 horum
1038 3728 1455 3816 librorum,
1510 3750 1741 3820 quam
1773 3751 1983 3822 paro,
2035 3730 2413 3804 indicabo.
2518 3728 2670 3800 Hic

482 3874 729 3923 unum
761 3850 989 3924 modo
1023 3851 1279 3921 locum
1304 3853 1657 3940 afferam,
1715 3853 1843 3925 ubi
1874 3853 1958 3924 in
1991 3855 2517 3945 antiquissimo
2551 3872 2672 3920 co-

485 3974 652 4049 dice
700 3974 978 4073 sigium
1028 3973 1259 4043 fuisse
1305 3973 1645 4065 videtur,
1698 3979 1904 4068 quod
1942 4001 1984 4048 a
2019 3977 2320 4048 librario
2360 3996 2517 4046 non
2553 3973 2670 4044 in-

482 4098 876 4201 tellectum
902 4098 1252 4169 lacunam
1280 4102 1746 4189 procreavit,
1801 4121 2028 4188 quam
2065 4099 2344 4170 librarii
2388 4095 2669 4170 deinde

485 4215 790 4315 explere
841 4222 1093 4296 conati
1126 4234 1322 4294 sunt.
1395 4232 1466 4311 2,
1506 4232 1584 4313 3,
1625 4232 1668 4301 2
1702 4223 1946 4292 Havn.
1986 4227 2113 4308 A.,
2170 4222 2380 4296 Leid.
2413 4221 2667 4313 prim,

486 4419 517 4444 Q
