2859 4700
1449 208 1629 298 110

453 422 756 514 dor-pius
812 440 890 489 se
940 420 1113 488 fere'
1160 418 1703 490 cumGrutero
1761 417 2074 490 credere
2113 420 2527 516 significat,
2587 397 2654 493 e*

400 604 407 615 .
448 545 788 637 margine
821 542 904 611 in
943 555 1236 611 textum
1261 542 1642 634 irrepsisse
1710 554 1797 635 ιιζ
1827 544 2082 614 adesse}
2128 548 2201 620 C.
2236 562 2428 620 omn.
2471 567 2634 639 cop.

449 667 879 750 nunciarem
957 665 1107 747 iam
1139 665 1341 733 enim
1380 664 1651 735 dixisse
1686 680 2071 736 auctorem
2120 673 2212 738 de
2245 670 2632 760 repentino

446 791 773 857 adventu
817 802 953 862 cet.
1075 785 1291 857 Idem
1361 786 1723 857 Oberlino
1789 788 2095 880 placuit.
2219 793 2502 863 Heldio
2552 809 2633 864 et

447 908 773 985 Daehnio
821 910 1164 979 sufficere
1215 907 1550 994 videtur,
1621 910 1684 978 si
1734 911 1961 980 verba
2000 912 2341 982 omnibus
2389 918 2634 1007 copiis

448 1035 891 1113 eiiciantur3
947 1030 1080 1105 sed
1114 1032 1219 1099 ita
1253 1045 1643 1123 corruptos
1680 1031 1888 1104 locos
1920 1057 2220 1124 sanare,
2275 1051 2402 1122 ut,
2457 1056 2630 1126 quae

444 1180 600 1225 non
634 1154 1173 1249 intelligimus,
1245 1153 1669 1242 eiiciamuS‚
1734 1155 1930 1226 mihi
1970 1178 2123 1226 non
2166 1180 2633 1254 magnopere

444 1278 736 1371 placet,
793 1299 1032 1367 quum
1069 1277 1483 1369 praesertim
1530 1277 1742 1346 nulla
1789 1300 2045 1348 caussa
2097 1282 2412 1377 cogitari
2465 1302 2636 1372 pos-

445 1403 580 1487 sit,
671 1422 808 1469 cur
858 1399 1024 1470 haec
1071 1399 1151 1468 in
1196 1398 1533 1494 margine
1583 1401 1824 1492 posita
1877 1402 2107 1472 fuisse
2169 1404 2631 1474 iudicentur.

443 1522 615 1592 Hoc
649 1523 885 1616 igitur
916 1536 1211 1593 certum
1242 1523 1579 1607 videtur,
1637 1545 1727 1591 eo
1759 1522 1926 1593 loco
1948 1571 1970 1611 ‚
2027 1506 2179 1615 quo
2211 1525 2376 1597 haec
2402 1525 2668 1594 verba·

443 1644 525 1712 in
578 1643 966 1712 codicibus
1013 1643 1422 1733 leguntur,
1498 1644 1783 1731 aliquid
1832 1667 1875 1712 a
1913 1647 2201 1714 Caesare
2258 1648 2631 1738 scriptum

440 1764 696 1844 fuisse,
752 1758 954 1848 quod
986 1759 1272 1827 librarii
1303 1776 1825 1850 corruperunt3
1880 1778 1960 1830 et
1989 1765 2157 1831 loco
2191 1766 2632 1858 diligentius

439 1884 809 1975 inspect0‚
845 1879 1248 1951 desiderari
1269 1881 1657 1972 apparebit
1678 1886 2476 1953 commemorationem
2511 1886 2628 1952 lo-

443 2028 752 2093 corum,
828 2004 958 2074 ubi
993 2025 1222 2094 equos
1253 2003 1635 2073 Vibullius
1683 2005 2110 2074 mutaverit.
2214 2006 2384 2074 Hoc
2434 2005 2628 2075 vidit

443 2130 785 2222 Lipsius,
841 2128 971 2219 qui
1002 2125 1413 2223 legendum
1454 2126 1782 2197 coniecit«
1822 2126 2161 2196 omnibus
2212 2126 2501 2221 oppidis
2528 2120 2650 2210 Ὧς.

444 2260 677 2346 'quam
712 2250 1065 2342 equidem
1087 2250 1601 2321 coniecturam
1625 2271 1782 2319 non
1817 2251 2123 2320 omnino
2146 2249 2632 2320 reiioiendam

442 2353 609 2445 “esse
645 2398 941 2462 censeo,
983 2375 1165 2448 licet
1199 2373 1327 2442 hic
1355 2375 1593 2444 rarius
1632 2372 1935 2465 aliquod
1974 2367 2420 2443 vocabulum
2456 2372 2629 2440 scri-

442 2514 664 2595 ptum
689 2499 918 2569 fuisse
951 2497 1306 2591 suspicer,
1342 2496 1550 2590 quod
1584 2519 1738 2567 non
1769 2496 2247 2568 intellectum
2263 2497 2627 2565 'mutave-

445 2625 598 2695 rint
625 2622 932 2698 librarii.
2247 2623 2260 2630 ”

712 2742 1102 2834 Quidquid
1136 2755 1394 2811 autem
1421 2742 1576 2813 hoc
1619 2742 1787 2811 loco
1820 2719 2397 2832 scriptum'fuit,
2465 2736 2632 2806 fere

445 2877 741 2936 certum
780 2876 935 2942 est,
993 2860 1414 2927 Vibullium
1452 2864 1878 2948 profectum
1912 2882 2072 2926 esse
2105 2860 2235 2926 via
2264 2849 2625 2946 Egnatib,

445 3005 676 3078 quam
720 3002 811 3051 ex
857 2978 1169 3071 Polybio
1218 2973 1397 3072 (vid.
1458 2977 1752 3067 Polybii
1790 2980 2081 3070 Fragm.
2125 2975 2252 3049 lib.
2296 2986 2444 3057 34,
2502 2987 2624 3058 12,

443 3122 666 3198 3sqq.
687 3101 1153 3198 Schweigh.)
1193 3097 1586 3190 descripsit
1603 3098 1868 3169 Strabo
1901 3100 2078 3182 <VII
2098 3119 2169 3188 p.
2201 3107 2349 3184 322
2385 3117 2468 3186 sq
2494 3089 2625 3188 )8),

446 3250 767 3330 quaeque
787 3225 1190 3321 Apollonia
1214 3235 1293 3291 et
1308 3220 1792 3313 Dyrrhachio
1814 3219 2172 3292 Clodiana
2185 3212 2266 3304 9),
2305 3217 2478 3325 iude
2495 3240 2633 3310 per

582 3628 640 3696 7)
709 3624 843 3679 Haec
865 3622 1186 3676 coniectura
1202 3618 1252 3672 ei
1278 3616 1549 3671 tribuitur
1576 3617 1638 3669 in
1661 3617 1916 3704 mai-gine
1930 3615 2267 3685 Fabriciani,
2305 3625 2360 3671 et
2384 3618 2445 3672 in
2456 3619 2631 3693 Epist.

716 3715 789 3768 ad
814 3714 981 3767 Italos
1011 3721 1065 3767 et
1093 3712 1374 3784 Hispanos
1400 3725 1489 3780 ep.
1514 3715 1584 3770 59
1609 3708 1755 3780 (pag.
1777 3716 1883 3773 604
1907 3709 1992 3764 ed.
2017 3708 2223 3782 vesal.)
2260 3708 2414 3764 hunc
2440 3709 2632 3766 locum

715 3804 834 3859 sine
861 3802 981 3855 ulla
1010 3800 1370 3856 annotatione
1393 3800 1468 3853 ita
1489 3800 1764 3876 scriptum
1787 3798 2027 3874 profert·

467 3985 495 3998 ..
548 3969 561 3974 -
587 3921 645 3991 8)
714 3915 987 3972 Eamdem
1015 3915 1167 3970 viam
1189 3914 1394 3968 indicat
1419 3912 1617 3980 Cicero
1645 3913 1713 3968 de
1738 3914 1910 3967 Prov.
1935 3911 2163 3968 Consul.
2188 3923 2252 3980 2,
2285 3891 2352 3992 4}
2399 3923 2495 3981 12,
2543 3921 2630 3984 313

720 4010 783 4064 in
808 4006 996 4062 Pison.
1025 4014 1109 4074 17,
1147 4014 1246 4074 403
1294 4003 1399 4059 cfr.
1426 4003 1631 4058 Tabul.
1657 4005 1974 4077 Pcuu'nger.
2012 4005 2196 4076 Segm.
2224 4008 2304 4063 VI
2331 4005 2410 4084 (2.,
2443 4007 2628 4076 Segni.

721 4101 831 4157 vn
856 4098 925 4158 Α.
953 4098 1038 4152 ed.
1063 4099 1352 4156 Mannert.
2167 4135 2180 4140 -

593 4217 650 4286 9)
719 4213 995 4270 Antonini
1021 4213 1283 4270 Itinerar.
1310 4232 1367 4287 p.
1390 4218 1498 4276 317
1519 4228 1602 4284 sq.
1629 4220 1684 4266 et
1701 4216 1808 4275 329
1834 4210 1919 4266 ed.
1944 4211 2199 4268 VVessel.
