2859 4700
1172 192 1388 281 -11

248 411 457 473 ctum
492 397 814 482 facerem
864 397 1068 491 quod
1101 397 1364 491 quanti
1392 396 1828 475 iaciendum
1847 394 1970 484 sit,
2010 417 2278 469 omnes
2302 419 2436 469 no-

247 535 449 608 runt,
486 520 843 613 idemque
887 521 1084 592 infra
1103 520 1197 591 ad
1215 522 1507 597 Comm.
1540 520 1638 593 de
1658 524 1741 596 B.
1761 522 1844 601 C.
1880 520 2143 623 paucis
2163 540 2433 619 exem·-

242 645 384 739 plis
413 643 829 714 illustrabo.
902 645 1292 723 ‚Ceterum
1331 642 1626 734 aliquot
1652 644 1840 714 locis
1868 659 1947 714 et
1983 644 2312 715 maxime
2348 642 2435 713 in

244 767 443 838 libro
492 782 755 840 octavo
786 766 1111 863 margini
1165 764 1436 838 eadem
1478 752 1712 835 manu
1741 764 2146 858 adscriptas
2193 764 2434 859 habet

245 889 477 959 varias
525 890 970 987 scripturas,
1043 910 1215 981 quae
1279 907 1373 957 ex
1420 886 1723 976 codice,
1815 888 1948 980 qui
1996 887 2297 958 Andino
2354 903 2435 960 et

166 988 183 998 .
245 1013 661 1085 Oxoniensi
694 1011 1123 1083 simillimus
1157 1010 1347 1111 fuit,
1402 1023 1767 1104 excerptae
1800 1008 2172 1081 videntur.
2277 1011 2435 1082 Ali-

242 1148 435 1224 quot
460 1133 1322 1228 harumscripturarum
1382 1134 1467 1205 in
1516 1132 1695 1207 edit.
1735 1134 2030 1204 Comm.
2077 1129 2170 1202 de
2216 1134 2303 1205 Β.
2339 1130 2436 1211 Gr.

240 1256 471 1341 attuli
507 1254 686 1348 (vid,
719 1255 812 1324 ad
840 1268 916 1342 3,
970 1263 1044 1359 9,
1097 1265 1147 1336 7
1189 1277 1358 1351 pag.
1399 1257 1586 1339 1063
1638 1265 1714 1342 8,
1765 1265 1907 1343 41,
1958 1265 2013 1333 4
2056 1269 2136 1324 et
2178 1262 2223 1333 5
2260 1275 2431 1361 pag.

164 1398 173 1403 ’
244 1383 403 1455 457
429 1396 453 1455 3
506 1384 595 1460 8,
649 1384 774 1463 42,
827 1386 875 1454 3
921 1397 1093 1470 pag.
1123 1382 1319 1458 4593
1367 1385 1447 1462 8,
1496 1384 1627 1462 43,
1678 1384 1723 1451 2
1755 1394 1926 1467 pag.
1947 1371 2178 1467 .460);
2236 1389 2438 1446 cete·

247 1517 368 1565 ras
410 1495 543 1565 hic
592 1493 1097 1566 enumerabo:
1167 1497 1245 1566 B.
1299 1494 1391 1569 G.
1430 1504 1519 1583 2,
1565 1502 1663 1580 3,
1720 1505 1760 1573 1
1811 1495 1897 1569 in
1941 1506 2152 1564 textu
2183 1498 2438 1567 Ando-

241 1601 697 1691 cumborz‘um
711 1640 743 1698 ,·
798 1617 881 1686 in
913 1637 1144 1713 marg.
1200 1617 1324 1691 Al.
1364 1616 1940 1709 Andebrogium.
1978 1652 2079 1670 -
2111 1627 2185 1703 4,
2223 1624 2348 1706 25,
2389 1631 2432 1699 1

241 1762 508 1821 naves,⁸
558 1739 640 1810 in
677 1760 910 1836 marg.
941 1742 1064 1817 Al.
1097 1740 1345 1819 nauis.
1370 1775 1474 1794 —-
1508 1748 1601 1828 8,
1659 1749 1781 1828 14,
1834 1749 1881 1820 2
1910 1740 2164 1836 copias
2187 1763 2434 1815 arma-

242 1878 488 1935 torum
532 1862 612 1935 in
649 1863 810 1934 suis
864 1862 1239 1936 znstruunt
1274 1862 1598 1943 castris-3
1648 1861 1733 1932 in
1772 1882 2006 1960 marg.
2051 1867 2143 1944 A.
2198 1864 2434 1971 copiis

241 2000 694 2058 armatorum
711 1999 1124 2058 castrorum
1155 1985 1323 2057 uias
1351 1985 1530 2057 inst»
1536 1997 1749 2057 went.
1786 2019 1888 2040 -
1919 1993 1996 2071 8,
2046 1992 2164 2073 15,
2195 1992 2240 2064 5
2276 1985 2436 2058 sine

239 2107 620 2199 periculm·
655 2106 739 2174 in
768 2124 1001 2199 marg.
1036 2108 1129 2189 A
1159 2106 1316 2174 sine
1336 2105 1674 2175 cibariis.
1704 2141 1810 2160 —
1850 2113 1928 2188 8,
1967 2110 2086 2189 15,
2117 2113 2167 2184 7
2201 2107 2430 2189 texit,-

245 2229 332 2297 in
364 2248 600 2321 marg.
636 2229 724 2300 A.
760 2225 1030 2295 extulit
1081 2210 1215 2278 —-⁴⁴
1252 2235 1339 2312 8,
1393 2236 1534 2313 32,
1590 2239 1633 2307 2
1664 2224 2294 2311 Auxilzodunum3
2352 2228 2435 2297 in

242 2371 478 2445 marg.
533 2355 625 2424 A.
657 2350 1192 2425 uxiliodunmn.
1242 2383 1346 2403 —-
1378 2358 1485 2437 ’8,
1553 2350 1695 2436 36,
1753 2359 1793 2427 1
1847 2373 1898 2420 α
1940 2347 2244 2450 ηείίξὸιιε
2291 2374 2436 2422 non

238 2472 557 2566 amplius
585 2471 755 2544 XII
762 2491 796 2553 ς
845 2472 928 2542 in
957 2494 1192 2570 marg.
1212 2477 1304 2548 A.
1335 2474 1541 2548 intra
1555 2473 1939 2566 mil·.pass.
1957 2474 2055 2548 X.
2074 2507 2177 2526 —-
2208 2484 2281 2562 8,
2301 2476 2426 2564 36,

239 2607 290 2675 3
309 2590 484 2687 fere
511 2595 950 2666 consuetudo
979 2609 1087 2664 est
1105 2615 1141 2673 ς
1199 2594 1542 2687 inmarg.
1580 2594 1704 2666 Al.
1719 2591 1898 2684 sere
1925 2607 2239 2665 consuet.
2273 2598 2435 2678 (vo-

245 2715 413 2785 luit.
432 2710 604 2807 fert
650 2737 887 2807 cona,
941 2729 1032 2784 ut
1078 2713 1345 2786 Audin.
1394 2729 1474 2783 et
1533 2715 1834 2800 Oxon.).
1884 2747 1990 2767 —-
2037 2724 2136 2802 8,
2185 2724 2286 2796 38
2304 2760 2348 2801 ,-
2380 2727 2429 2800 3

242 2840 727 2910 Guttruatum
742 2860 775 2919 ‚-
823 2840 908 2912 in
956 2860 1190 2935 marg.
1235 2840 1321 2913 A.
1354 2825 1826 2912 maturatum.
1876 2875 1980 2896 -
2027 2846 2079 2920 8
2095 2882 2118 2927 ,
2186 2848 2286 2922 38
2304 2881 2330 2928 ,
2383 2844 2428 2918 5

244 2982 646 3045 concursu,
694 2961 777 3034 in
801 2982 1036 3058 marg.
1078 2966 1171 3036 A.
1203 2984 1573 3039 consensu.
2439 2941 2446 2948 ’

444 3215 518 3285 4.
573 3202 936 3292 Sequitur
978 3201 1366 3274 Leidensis
1411 3200 1745 3293 primus,
1818 3217 2049 3290 quern
2099 3198 2302 3275 Qud.
2349 3199 2450 3274 in*

244 3326 459 3404 Praef.
500 3345 672 3418 pag.
695 3324 758 3392 V
790 3321 1199 3414 descripsit.
1301 3321 1573 3409 Habet,
1614 3336 1702 3392 ut
1736 3324 1981 3396 Havn.
2020 3321 2083 3392 A
2111 3366 2134 3409 ,
2170 3342 2433 3410 omnes

247 3448 342 3520 de
381 3445 687 3516 Caesaris
721 3443 944 3515 bellis
979 3444 1605 3536 commentarios,
1658 3443 1789 3516 sed
1821 3466 1978 3515 non
2015 3445 2433 3522 admodum

244 3569 604 3660 antiquus
655 3590 815 3639 esse
857 3568 1177 3640 videtur.
1301 3571 1480 3642 Non
1522 3567 1756 3640 miror
1801 3567 2203 3659 equidem,
2272 3571 2430 3642 Ou.

246 3692 789 3785 dendorpium,
843 3693 974 3782 qui
1000 3694 1214 3766 hunc
1235 3693 1486 3764 solum
1528 3712 1621 3761 ex
1659 3691 1976 3785 ,optimis
2027 3692 2242 3771 codd.
2277 3710 2430 3765 tra-

244 3816 513 3904 ctavit,
547 3835 730 3885 eum
770 3814 1079 3886 maximi
1108 3817 1399 3904 faeere-3
1452 3831 1567 3887 est
1598 3816 1861 3908 utique
1889 3814 2132 3886 bonus
2164 3816 2426 3904 codex,

246 3940 378 4012 sed
405 3962 561 4010 non
596 3936 787 4010 adeo
824 3935 1117 4026 bonus,
1166 3953 1252 4009 ut
1282 3939 1642 4012 lectiones
1675 3937 1769 4010 ab
1802 3960 1895 4009 eo
1925 3957 2101 4024 ,uno
2138 3934 2429 4008 oblatas

246 4063 327 4136 in
357 4079 648 4134 textum
676 4062 1014 4157 recipere
1045 4059 1312 4147 velim,
1369 4063 1655 4134 etenim
1672 4083 1830 4132 non
1853 4079 2021 4128 raro
2043 4052 2428 4147 scripturae

252 4200 559 4257 mutatae
596 4186 785 4277 sive,
863 4207 954 4257 ex
988 4186 1273 4259 librarii
1305 4184 1702 4276 sententia,
1756 4175 2173 4254 emendatae
2211 4201 2423 4275 repe·
2455 4207 2464 4216 ’
