2859 4700
723 962 951 1100 PR
973 909 2065 1116 οιΕαοΜΕΝΑ.

214 1405 219 1412 ’
294 1342 619 1504 Quum
659 1401 1067 1503 superioris
1097 1400 1279 1472 anni
1313 1400 1540 1472 initio
1567 1397 1984 1470 editionem
2013 1396 2497 1475 Commenta·

240 1512 262 1571 Ϊ
299 1531 591 1601 riorum
623 1526 718 1597 de
740 1524 959 1597 Bello
977 1523 1277 1594 Gallico
1303 1543 1348 1592 a
1378 1543 1507 1590 me
1525 1533 1864 1591 curatam
1889 1519 1976 1590 in
2003 1520 2261 1593 lucem
2277 1521 2502 1595 emit>-
2547 1566 2554 1573 -

296 1663 539 1722 terem
557 1692 582 1736 ,
644 1644 737 1718 in
791 1643 1231 1740 praefatione
1281 1639 1483 1740 (pag.
1518 1639 1626 1738 X)
1658 1640 2113 1735 pollicebar,
2159 1663 2290 1714 me
2338 1645 2496 1717 ein·-

295 1771 550 1870 gulari
587 1768 859 1840 libello
917 1765 1015 1838 de
1060 1763 1415 1840 codicum
1470 1776 1554 1835 et
1615 1757 2040 1837 editionum
2084 1764 2496 1841 virtutibus
2563 1772 2576 1785 “

298 1909 382 1966 et
411 1893 618 1966 vitiis
648 1906 1001 1965 acturum
1033 1908 1220 1964 esse.
1320 1886 1549 1960 Tunc
1578 1887 1789 1958 enim
1820 1887 2184 1980 temporis
2208 1888 2295 1959 in
2328 1887 2496 1961 eni-

296 2037 433 2087 mo
462 2027 645 2103 erat,
687 2034 955 2084 omnes
983 2010 1381 2097 editiones,
1414 2029 1744 2100 quarum
1778 2007 1974 2079 mihi
2011 2006 2231 2102 copia
2262 2020 2494 2100 esset,

301 2137 415 2207 ita
442 2136 645 2204 inter
673 2154 754 2200 se
790 2152 1255 2222 comparare,
1288 2143 1403 2214 ut,
1448 2127 1632 2217 quid
1661 2128 1809 2198 alia
1839 2149 1932 2196 ex
1962 2127 2113 2197 alia
2137 2142 2494 2202 mutuata

305 2266 546 2341 esset,
597 2263 943 2323 accurate
995 2248 1634 2331 demonstrarem3
1688 2246 1785 2317 de
1825 2246 1920 2317 iis
1964 2260 2222 2318 autem
2241 2293 2266 2337 ,
2321 2271 2496 2342 quo

298 2365 502 2450 mih'i
533 2375 907 2462 deessent,
939 2371 1263 2444 aliorum
1284 2370 1571 2445 iudicia
1599 2367 2011 2468 colliger03
2063 2370 2492 2450 editionum

295 2520 483 2572 vero
534 2495 899 2568 lectiones
932 2516 1111 2567 cum
1142 2492 1567 2580 codicibus,
1618 2491 1714 2563 de
1752 2514 2086 2584 quorum
2122 2496 2492 2589 scriptura

297 2617 590 2712 aliquid
618 2603 1018 2711 cog'nitum
1047 2614 1418 2685 haberem
1435 2657 1460 2701 ,
1512 2614 1622 2681 ita
1650 2614 2111 2684 contendere
2129 2657 2154 2701 ,
2206 2629 2297 2684 ut
2313 2659 2338 2703 ,
2390 2615 2490 2692 ed

301 2759 717 2835 quemnam
748 2734 1087 2809 codicem
1122 2735 1407 2826 quaevis
1433 2734 1670 2807 editio
1696 2733 2042 2828 proxime
2067 2737 2494 2831 accederet,

299 2860 672 2954 exemplis
724 2856 969 2930 allatis
1013 2856 1389 2931 docerem.
1540 2857 1740 2929 Rem
1792 2873 2052 2931 autem
2094 2851 2492 2954 inceptam

301 2984 496 3077 (iam
544 2982 794 3069 enim,
871 2982 1242 3053 iuvenum
1276 2979 1785 3072 quorumdam
1834 2980 2492 3058 ornatissimorum

298 3105 583 3179 auxilio
635 3102 938 3175 adiutus
953 3147 980 3190 ‚
1062 3103 1480 3173 editionem
1528 3103 1959 3173 Romanam
2025 3107 2209 3175 anni
2261 3108 2486 3195 1469,

298 3229 674 3299 venetam
729 3247 793 3297 ει
853 3230 1049 3302 1471
1069 3269 1093 3312 ‚
1166 3220 1784 3289 Mediolanenses
1822 3229 2117 3303 a·1477
2137 3235 2227 3293 et
2262 3233 2488 3317 1478,

297 3349 677 3418 Venetam
726 3362 794 3415 a.
845 3347 1082 3426 1511,
1154 3337 1515 3413 Aldinam
1557 3361 1627 3410 a.
1671 3345 1910 3436 1519,
1972 3342 2063 3416 R.
2115 3346 2490 3443 Stephani

299 3488 368 3543 e.
425 3470 623 3546 1544
684 3484 862 3534 cum
893 3484 1067 3534 mea
1109 3460 1444 3533 editione
1486 3460 1861 3536 librorum
1893 3464 1992 3537 de
2018 3467 2102 3546 B.
2133 3468 2229 3548 G.
2260 3485 2488 3547 accu-

298 3586 671 3659 ratissime
707 3579 1204 3677 contuleram)
1232 3607 1350 3656 ea
1393 3586 1755 3683 cogitatio
1785 3587 2324 3684 interpellavit,
2371 3592 2488 3667 la-

297 3708 572 3782 borem
617 3728 663 3778 a
695 3729 844 3776 -me
875 3723 1317 3804 susceptum
1351 3727 1514 3778 esse
1534 3752 1562 3796 ,
1613 3710 1831 3782 cuius
1855 3732 2015 3784 non
2039 3688 2251 3788 tanta
2286 3729 2485 3786 esset

111 3801 115 3808 ⁴
198 3818 205 3822 ’
296 3830 613 3918 militae,
666 3841 757 3899 ut
784 3831 1156 3922 ‘temporis
1191 3829 1678 3924 dispendium
1706 3854 1798 3905 ea
1825 3850 2486 3930 compens-aretum

296 3951 650 4025 libellum
700 3965 960 4021 autem
1013 3973 1103 4020 ea
1140 3952 1237 4024 de
1262 3975 1345 4022 re
1382 3948 2006 4029 conscribendum
2035 3958 2269 4027 talem
2305 3978 2484 4029 eva-

303 4093 600 4162 surum,
635 4086 723 4142 ut
751 4075 873 4145 vix
904 4073 1487 4170 futuricaesaris
1522 4075 1847 4149 editores
1875 4097 2059 4150 eum
2087 4075 2481 4174 perlegere

298 4197 785 4290 sustinerent,
823 4196 1057 4270 ceteri
1095 4196 1190 4270 ab
1226 4219 1453 4293 opere
1489 4212 1648 4273 tam
1680 4198 1991 4291 taedioso
2016 4198 2481 4300 perlegendo

1864 4345 1910 4415 1
