<?xml version="1.0" encoding="UTF-8"?>
<!DOCTYPE html PUBLIC "-//W3C//DTD XHTML 1.0 Transitional//EN"
    "http://www.w3.org/TR/xhtml1/DTD/xhtml1-transitional.dtd">
<html xmlns="http://www.w3.org/1999/xhtml" xml:lang="en" lang="en">
 <head>
  <title>
</title>
<meta http-equiv="Content-Type" content="text/html;charset=utf-8" />
  <meta name='ocr-system' content='tesseract 3.04.00' />
  <meta name='ocr-capabilities' content='ocr_page ocr_carea ocr_par ocr_line ocrx_word'/>
</head>
<body>
  <div class='ocr_page' id='page_1' title='image "./observationescr00unkngoog/observationescr00unkngoog_0037.png"; bbox 0 0 2859 4700; ppageno 0'>
   <div class='ocr_carea' id='block_1_1' title="bbox 217 249 2550 3111">
    <p class='ocr_par' dir='ltr' id='par_1_1' title="bbox 1296 249 1416 340">
     <span class='ocr_line' id='line_1_1' title="bbox 1296 249 1416 340; baseline 0.017 -2"><span class='ocrx_word' id='word_1_1' title='bbox 1296 249 1416 340; x_wconf 83' lang='lat'><strong>21</strong></span> 
     </span>
    </p>

    <p class='ocr_par' dir='ltr' id='par_1_2' title="bbox 263 438 2453 681">
     <span class='ocr_line' id='line_1_2' title="bbox 266 438 2453 557; baseline 0 -24"><span class='ocrx_word' id='word_1_2' title='bbox 266 438 430 557; x_wconf 57' lang='lat' dir='ltr'><strong>fere</strong></span> <span class='ocrx_word' id='word_1_3' title='bbox 465 458 987 557; x_wconf 72' lang='lat' dir='ltr'><strong>conseminat,</strong></span> <span class='ocrx_word' id='word_1_4' title='bbox 1037 457 1119 532; x_wconf 90' lang='lat' dir='ltr'><strong>id</strong></span> <span class='ocrx_word' id='word_1_5' title='bbox 1155 457 1359 557; x_wconf 89' lang='lat' dir='ltr'><strong>quod</strong></span> <span class='ocrx_word' id='word_1_6' title='bbox 1408 456 1566 531; x_wconf 87' lang='lat' dir='ltr'><strong>iam</strong></span> <span class='ocrx_word' id='word_1_7' title='bbox 1616 459 1809 533; x_wconf 82' lang='lat' dir='ltr'><strong>Oud.</strong></span> <span class='ocrx_word' id='word_1_8' title='bbox 1846 454 2038 530; x_wconf 87' lang='lat' dir='ltr'><strong>vidit</strong></span> <span class='ocrx_word' id='word_1_9' title='bbox 2089 438 2333 544; x_wconf 67' lang='lat' dir='ltr'><strong>&lt;1⁵2aess</strong></span> <span class='ocrx_word' id='word_1_10' title='bbox 2376 478 2453 552; x_wconf 80' lang='grc' dir='ltr'><strong>Ρ.</strong></span> 
     </span>
     <span class='ocr_line' id='line_1_3' title="bbox 263 564 1966 681; baseline -0.005 -1"><span class='ocrx_word' id='word_1_11' title='bbox 263 582 563 681; x_wconf 67' lang='lat' dir='ltr'><strong>Xan..⁸</strong></span> <span class='ocrx_word' id='word_1_12' title='bbox 608 564 619 571; x_wconf 79' lang='grc'>·</span> <span class='ocrx_word' id='word_1_13' title='bbox 774 574 781 581; x_wconf 91' lang='grc'><em>·</em></span> <span class='ocrx_word' id='word_1_14' title='bbox 1887 568 1896 573; x_wconf 84' lang='grc'><strong><em>·</em></strong></span> <span class='ocrx_word' id='word_1_15' title='bbox 1961 570 1966 577; x_wconf 87' lang='grc'><em>·</em></span> 
     </span>
    </p>

    <p class='ocr_par' dir='ltr' id='par_1_3' title="bbox 217 696 2452 1168">
     <span class='ocr_line' id='line_1_4' title="bbox 297 696 2452 803; baseline -0.006 -21"><span class='ocrx_word' id='word_1_16' title='bbox 297 713 303 717; x_wconf 73' lang='grc'>’</span> <span class='ocrx_word' id='word_1_17' title='bbox 406 702 421 713; x_wconf 62' lang='grc'><em>’</em></span> <span class='ocrx_word' id='word_1_18' title='bbox 532 696 661 787; x_wconf 70' lang='lat'><strong>527.⁸</strong></span> <span class='ocrx_word' id='word_1_19' title='bbox 712 706 1286 803; x_wconf 73' lang='lat' dir='ltr'><strong>Gottorpiensis,</strong></span> <span class='ocrx_word' id='word_1_20' title='bbox 1342 705 1478 796; x_wconf 88' lang='lat' dir='ltr'><strong>qui</strong></span> <span class='ocrx_word' id='word_1_21' title='bbox 1512 727 1556 775; x_wconf 89' lang='lat' dir='ltr'><strong>a</strong></span> <span class='ocrx_word' id='word_1_22' title='bbox 1602 726 1726 774; x_wconf 90' lang='lat' dir='ltr'><strong>me</strong></span> <span class='ocrx_word' id='word_1_23' title='bbox 1759 716 2066 773; x_wconf 89' lang='lat' dir='ltr'><strong>vocatus</strong></span> <span class='ocrx_word' id='word_1_24' title='bbox 2101 716 2216 773; x_wconf 89' lang='lat' dir='ltr'><strong>est</strong></span> <span class='ocrx_word' id='word_1_25' title='bbox 2252 702 2452 777; x_wconf 83' lang='lat' dir='ltr'><strong>Hav-</strong></span> 
     </span>
     <span class='ocr_line' id='line_1_5' title="bbox 258 808 2449 921; baseline -0.005 -18"><span class='ocrx_word' id='word_1_26' title='bbox 258 828 539 903; x_wconf 82' lang='lat' dir='ltr'><strong>niensis</strong></span> <span class='ocrx_word' id='word_1_27' title='bbox 566 828 683 917; x_wconf 87' lang='lat' dir='ltr'><strong>B.,</strong></span> <span class='ocrx_word' id='word_1_28' title='bbox 739 849 831 897; x_wconf 80' lang='lat' dir='ltr'><strong>ex</strong></span> <span class='ocrx_word' id='word_1_29' title='bbox 860 824 1320 901; x_wconf 76' lang='lat' dir='ltr'><strong>bibliotheca</strong></span> <span class='ocrx_word' id='word_1_30' title='bbox 1340 825 1878 921; x_wconf 85' lang='lat' dir='ltr'><strong>Gottorpiensi,</strong></span> <span class='ocrx_word' id='word_1_31' title='bbox 1946 808 2090 896; x_wconf 74' lang='lat' dir='ltr'><strong>ubi&#39;</strong></span> <span class='ocrx_word' id='word_1_32' title='bbox 2113 847 2292 895; x_wconf 88' lang='lat' dir='ltr'><strong>eum</strong></span> <span class='ocrx_word' id='word_1_33' title='bbox 2333 825 2449 895; x_wconf 91' lang='grc' dir='ltr'><strong>Μ.</strong></span> 
     </span>
     <span class='ocr_line' id='line_1_6' title="bbox 261 940 2450 1048; baseline -0.004 -27"><span class='ocrx_word' id='word_1_34' title='bbox 261 949 565 1029; x_wconf 73' lang='lat' dir='ltr'><strong>Gudius</strong></span> <span class='ocrx_word' id='word_1_35' title='bbox 599 949 962 1039; x_wconf 88' lang='lat' dir='ltr'><strong>contulit,</strong></span> <span class='ocrx_word' id='word_1_36' title='bbox 1029 951 1114 1021; x_wconf 90' lang='lat' dir='ltr'><strong>in</strong></span> <span class='ocrx_word' id='word_1_37' title='bbox 1144 950 1339 1022; x_wconf 86' lang='lat' dir='ltr'><strong>Bibl.</strong></span> <span class='ocrx_word' id='word_1_38' title='bbox 1373 951 1562 1048; x_wconf 86' lang='lat' dir='ltr'><strong>Reg.</strong></span> <span class='ocrx_word' id='word_1_39' title='bbox 1600 951 1850 1021; x_wconf 85' lang='lat' dir='ltr'><strong>Havn.</strong></span> <span class='ocrx_word' id='word_1_40' title='bbox 1882 948 2231 1043; x_wconf 83' lang='lat' dir='ltr'><strong>pervenit</strong></span> <span class='ocrx_word' id='word_1_41' title='bbox 2282 940 2450 1038; x_wconf 86' lang='lat' dir='ltr'><strong>(cfr.</strong></span> 
     </span>
     <span class='ocr_line' id='line_1_7' title="bbox 217 1062 2090 1168; baseline -0.003 -23"><span class='ocrx_word' id='word_1_42' title='bbox 217 1073 466 1152; x_wconf 79' lang='lat' dir='ltr'><strong>‘Oud.</strong></span> <span class='ocrx_word' id='word_1_43' title='bbox 470 1062 715 1148; x_wconf 84' lang='lat' dir='ltr'><strong>Praef.</strong></span> <span class='ocrx_word' id='word_1_44' title='bbox 754 1095 827 1167; x_wconf 87' lang='lat' dir='ltr'><strong>p.</strong></span> <span class='ocrx_word' id='word_1_45' title='bbox 866 1072 1101 1162; x_wconf 85' lang='lat' dir='ltr'>XIII,</span> <span class='ocrx_word' id='word_1_46' title='bbox 1154 1095 1406 1143; x_wconf 88' lang='lat' dir='ltr'><strong>meam</strong></span> <span class='ocrx_word' id='word_1_47' title='bbox 1445 1074 1658 1146; x_wconf 81' lang='lat' dir='ltr'><strong>Praef.</strong></span> <span class='ocrx_word' id='word_1_48' title='bbox 1705 1095 1778 1168; x_wconf 85' lang='lat' dir='ltr'><strong>p.</strong></span> <span class='ocrx_word' id='word_1_49' title='bbox 1812 1071 1877 1144; x_wconf 86' lang='lat' dir='ltr'>V</span> <span class='ocrx_word' id='word_1_50' title='bbox 1910 1069 2090 1162; x_wconf 84' lang='lat' dir='ltr'><strong>sq.).</strong></span> 
     </span>
    </p>

    <p class='ocr_par' dir='ltr' id='par_1_4' title="bbox 249 1187 2454 1539">
     <span class='ocr_line' id='line_1_8' title="bbox 526 1187 2449 1287; baseline -0.007 -17"><span class='ocrx_word' id='word_1_51' title='bbox 526 1204 656 1277; x_wconf 71' lang='grc'><strong>28</strong></span> <span class='ocrx_word' id='word_1_52' title='bbox 699 1196 1084 1269; x_wconf 77' lang='lat' dir='ltr'><strong>Leidensis</strong></span> <span class='ocrx_word' id='word_1_53' title='bbox 1118 1197 1411 1287; x_wconf 81' lang='lat' dir='ltr'><strong>tertius,</strong></span> <span class='ocrx_word' id='word_1_54' title='bbox 1451 1218 1517 1267; x_wconf 83' lang='lat' dir='ltr'><strong>a.</strong></span> <span class='ocrx_word' id='word_1_55' title='bbox 1550 1195 1725 1266; x_wconf 87' lang='lat' dir='ltr'><strong>Chr.</strong></span> <span class='ocrx_word' id='word_1_56' title='bbox 1760 1200 1956 1276; x_wconf 83' lang='lat'>1458</span> <span class='ocrx_word' id='word_1_57' title='bbox 1989 1190 2329 1285; x_wconf 76' lang='lat' dir='ltr'><strong>scriptuS,</strong></span> <span class='ocrx_word' id='word_1_58' title='bbox 2354 1187 2449 1258; x_wconf 90' lang='lat' dir='ltr'><strong>ab</strong></span> 
     </span>
     <span class='ocr_line' id='line_1_9' title="bbox 249 1312 1654 1421; baseline -0.001 -33"><span class='ocrx_word' id='word_1_59' title='bbox 249 1312 460 1389; x_wconf 80' lang='lat' dir='ltr'><strong>Oud.</strong></span> <span class='ocrx_word' id='word_1_60' title='bbox 491 1316 813 1384; x_wconf 86' lang='lat' dir='ltr'><strong>collatus</strong></span> <span class='ocrx_word' id='word_1_61' title='bbox 845 1329 963 1421; x_wconf 79' lang='lat' dir='ltr'><strong>est</strong></span> <span class='ocrx_word' id='word_1_62' title='bbox 1002 1317 1654 1408; x_wconf 79' lang='lat' dir='ltr'><strong>(Praef.pag.v1).</strong></span> 
     </span>
     <span class='ocr_line' id='line_1_10' title="bbox 536 1394 2454 1539; baseline -0.002 -36"><span class='ocrx_word' id='word_1_63' title='bbox 536 1439 664 1518; x_wconf 81' lang='grc'><strong>29</strong></span> <span class='ocrx_word' id='word_1_64' title='bbox 716 1412 1120 1504; x_wconf 79' lang='lat' dir='ltr'><em>Vossianus</em></span> <span class='ocrx_word' id='word_1_65' title='bbox 1150 1436 1447 1522; x_wconf 78' lang='lat' dir='ltr'><strong>tertius,</strong></span> <span class='ocrx_word' id='word_1_66' title='bbox 1502 1434 1597 1505; x_wconf 87' lang='lat' dir='ltr'><strong>ab</strong></span> <span class='ocrx_word' id='word_1_67' title='bbox 1638 1394 1829 1506; x_wconf 79' lang='lat' dir='ltr'><strong>oud·</strong></span> <span class='ocrx_word' id='word_1_68' title='bbox 1861 1429 2180 1503; x_wconf 89' lang='lat' dir='ltr'><strong>collatus</strong></span> <span class='ocrx_word' id='word_1_69' title='bbox 2213 1429 2454 1539; x_wconf 48' lang='lat' dir='ltr'><strong>(Proesf.</strong></span> 
     </span>
    </p>

    <p class='ocr_par' dir='ltr' id='par_1_5' title="bbox 243 1544 2550 3111">
     <span class='ocr_line' id='line_1_11' title="bbox 257 1544 481 1644; baseline 0.013 -19"><span class='ocrx_word' id='word_1_70' title='bbox 257 1544 311 1631; x_wconf 84' lang='grc' dir='ltr'><strong>Ῑ.</strong></span> <span class='ocrx_word' id='word_1_71' title='bbox 351 1558 481 1644; x_wconf 73' lang='lat' dir='ltr'><strong>c.)-</strong></span> 
     </span>
     <span class='ocr_line' id='line_1_12' title="bbox 274 1648 2452 1772; baseline -0.002 -25"><span class='ocrx_word' id='word_1_72' title='bbox 274 1658 308 1677; x_wconf 64' lang='grc'>”</span> <span class='ocrx_word' id='word_1_73' title='bbox 410 1648 417 1657; x_wconf 44' lang='grc'><em>’</em></span> <span class='ocrx_word' id='word_1_74' title='bbox 526 1672 815 1748; x_wconf 81' lang='lat' dir='ltr'><strong>Habuit</strong></span> <span class='ocrx_word' id='word_1_75' title='bbox 843 1688 1202 1772; x_wconf 70' lang='lat' dir='ltr'><strong>praeterea</strong></span> <span class='ocrx_word' id='word_1_76' title='bbox 1237 1674 1815 1771; x_wconf 88' lang='lat' dir='ltr'><strong>Oudendorpius</strong></span> <span class='ocrx_word' id='word_1_77' title='bbox 1860 1674 2277 1770; x_wconf 79' lang='lat' dir='ltr'><strong>specimina</strong></span> <span class='ocrx_word' id='word_1_78' title='bbox 2318 1650 2452 1743; x_wconf 82' lang='lat' dir='ltr'><strong>du·</strong></span> 
     </span>
     <span class='ocr_line' id='line_1_13' title="bbox 248 1797 2451 1882; baseline -0.003 -11"><span class='ocrx_word' id='word_1_79' title='bbox 248 1820 475 1871; x_wconf 88' lang='lat' dir='ltr'><strong>orum</strong></span> <span class='ocrx_word' id='word_1_80' title='bbox 523 1798 758 1870; x_wconf 85' lang='lat' dir='ltr'><strong>codd.</strong></span> <span class='ocrx_word' id='word_1_81' title='bbox 799 1798 945 1871; x_wconf 87' lang='lat' dir='ltr'><strong>sibi</strong></span> <span class='ocrx_word' id='word_1_82' title='bbox 981 1800 1074 1871; x_wconf 86' lang='lat' dir='ltr'><strong>ab</strong></span> <span class='ocrx_word' id='word_1_83' title='bbox 1106 1802 1175 1871; x_wconf 87' lang='lat' dir='ltr'><strong>J.</strong></span> <span class='ocrx_word' id='word_1_84' title='bbox 1222 1802 1623 1873; x_wconf 80' lang='lat' dir='ltr'><strong>Bouhierio</strong></span> <span class='ocrx_word' id='word_1_85' title='bbox 1663 1802 1943 1882; x_wconf 78' lang='lat' dir='ltr'><strong>missa3</strong></span> <span class='ocrx_word' id='word_1_86' title='bbox 1994 1797 2137 1869; x_wconf 90' lang='lat' dir='ltr'><strong>hos</strong></span> <span class='ocrx_word' id='word_1_87' title='bbox 2188 1814 2451 1869; x_wconf 80' lang='lat' dir='ltr'><strong>autem</strong></span> 
     </span>
     <span class='ocr_line' id='line_1_14' title="bbox 243 1912 2450 2019; baseline -0.003 -25"><span class='ocrx_word' id='word_1_88' title='bbox 243 1912 539 1994; x_wconf 79' lang='lat' dir='ltr'><strong>nullius</strong></span> <span class='ocrx_word' id='word_1_89' title='bbox 582 1922 802 2017; x_wconf 85' lang='lat' dir='ltr'><strong>pretii</strong></span> <span class='ocrx_word' id='word_1_90' title='bbox 838 1945 1003 1993; x_wconf 89' lang='lat' dir='ltr'><strong>esse</strong></span> <span class='ocrx_word' id='word_1_91' title='bbox 1048 1925 1211 2016; x_wconf 85' lang='lat' dir='ltr'><strong>ipse</strong></span> <span class='ocrx_word' id='word_1_92' title='bbox 1241 1923 1434 1994; x_wconf 85' lang='lat' dir='ltr'><strong>vidit</strong></span> <span class='ocrx_word' id='word_1_93' title='bbox 1476 1924 1720 2011; x_wconf 80' lang='lat' dir='ltr'><strong>(Praef.</strong></span> <span class='ocrx_word' id='word_1_94' title='bbox 1761 1944 1931 2019; x_wconf 85' lang='lat' dir='ltr'><strong>pag.</strong></span> <span class='ocrx_word' id='word_1_95' title='bbox 1988 1924 2222 2009; x_wconf 86' lang='lat' dir='ltr'>XIV).</span> <span class='ocrx_word' id='word_1_96' title='bbox 2326 1922 2450 1992; x_wconf 91' lang='lat' dir='ltr'><strong>De</strong></span> 
     </span>
     <span class='ocr_line' id='line_1_15' title="bbox 243 2044 2449 2134; baseline -0.005 -16"><span class='ocrx_word' id='word_1_97' title='bbox 243 2044 341 2118; x_wconf 85' lang='lat' dir='ltr'><strong>iis</strong></span> <span class='ocrx_word' id='word_1_98' title='bbox 376 2061 634 2116; x_wconf 85' lang='lat' dir='ltr'><strong>autem</strong></span> <span class='ocrx_word' id='word_1_99' title='bbox 671 2044 1098 2130; x_wconf 80' lang='lat' dir='ltr'><strong>codicibus,</strong></span> <span class='ocrx_word' id='word_1_100' title='bbox 1154 2066 1345 2133; x_wconf 88' lang='lat' dir='ltr'><strong>quos</strong></span> <span class='ocrx_word' id='word_1_101' title='bbox 1379 2047 1617 2116; x_wconf 84' lang='lat' dir='ltr'><strong>ceteri</strong></span> <span class='ocrx_word' id='word_1_102' title='bbox 1653 2046 1963 2114; x_wconf 73' lang='lat' dir='ltr'><strong>Caesaris</strong></span> <span class='ocrx_word' id='word_1_103' title='bbox 2000 2044 2449 2134; x_wconf 81' lang='lat' dir='ltr'><strong>interpretes</strong></span> 
     </span>
     <span class='ocr_line' id='line_1_16' title="bbox 255 2161 2448 2251; baseline -0.001 -19"><span class='ocrx_word' id='word_1_104' title='bbox 255 2171 385 2249; x_wconf 87' lang='lat' dir='ltr'><strong>(ut</strong></span> <span class='ocrx_word' id='word_1_105' title='bbox 430 2161 819 2249; x_wconf 86' lang='lat' dir='ltr'><strong>Brantius,</strong></span> <span class='ocrx_word' id='word_1_106' title='bbox 877 2165 1369 2251; x_wconf 80' lang='lat' dir='ltr'><strong>Ciacconius,</strong></span> <span class='ocrx_word' id='word_1_107' title='bbox 1418 2164 1946 2250; x_wconf 86' lang='lat' dir='ltr'><strong>Hotomanus,</strong></span> <span class='ocrx_word' id='word_1_108' title='bbox 2002 2163 2448 2248; x_wconf 84' lang='lat' dir='ltr'><strong>sambucus,</strong></span> 
     </span>
     <span class='ocr_line' id='line_1_17' title="bbox 256 2268 2448 2378; baseline -0.001 -22"><span class='ocrx_word' id='word_1_109' title='bbox 256 2282 423 2371; x_wconf 86' lang='lat' dir='ltr'><strong>alii)</strong></span> <span class='ocrx_word' id='word_1_110' title='bbox 455 2283 849 2376; x_wconf 84' lang='lat' dir='ltr'><strong>aliquoties</strong></span> <span class='ocrx_word' id='word_1_111' title='bbox 878 2283 1228 2372; x_wconf 88' lang='lat' dir='ltr'><strong>laudant,</strong></span> <span class='ocrx_word' id='word_1_112' title='bbox 1283 2283 1653 2358; x_wconf 88' lang='lat' dir='ltr'><strong>iudicium</strong></span> <span class='ocrx_word' id='word_1_113' title='bbox 1688 2268 1869 2357; x_wconf 79' lang='lat' dir='ltr'><strong>ferri</strong></span> <span class='ocrx_word' id='word_1_114' title='bbox 1906 2285 2210 2378; x_wconf 77' lang='lat' dir='ltr'><strong>nequit5</strong></span> <span class='ocrx_word' id='word_1_115' title='bbox 2277 2282 2448 2357; x_wconf 84' lang='lat' dir='ltr'><strong>nul-</strong></span> 
     </span>
     <span class='ocr_line' id='line_1_18' title="bbox 245 2391 2550 2503; baseline 0.001 -26"><span class='ocrx_word' id='word_1_116' title='bbox 245 2406 366 2477; x_wconf 85' lang='lat' dir='ltr'><strong>lus</strong></span> <span class='ocrx_word' id='word_1_117' title='bbox 395 2419 656 2478; x_wconf 86' lang='lat' dir='ltr'><strong>tamen</strong></span> <span class='ocrx_word' id='word_1_118' title='bbox 677 2428 941 2477; x_wconf 89' lang='lat' dir='ltr'><strong>eorum</strong></span> <span class='ocrx_word' id='word_1_119' title='bbox 975 2391 1239 2503; x_wconf 76' lang='lat' dir='ltr'><strong>magni</strong></span> <span class='ocrx_word' id='word_1_120' title='bbox 1265 2407 1487 2502; x_wconf 85' lang='lat' dir='ltr'><strong>pretii</strong></span> <span class='ocrx_word' id='word_1_121' title='bbox 1520 2409 1748 2492; x_wconf 84' lang='lat' dir='ltr'><strong>fuisse</strong></span> <span class='ocrx_word' id='word_1_122' title='bbox 1776 2409 2097 2486; x_wconf 77' lang='lat' dir='ltr'><strong>videtur.</strong></span> <span class='ocrx_word' id='word_1_123' title='bbox 2150 2408 2450 2479; x_wconf 79' lang='lat' dir='ltr'><strong>Schedoe</strong></span> <span class='ocrx_word' id='word_1_124' title='bbox 2543 2473 2550 2479; x_wconf 83' lang='lat'><em>.</em></span> 
     </span>
     <span class='ocr_line' id='line_1_19' title="bbox 249 2531 2445 2623; baseline -0 -24"><span class='ocrx_word' id='word_1_125' title='bbox 249 2542 508 2599; x_wconf 88' lang='lat' dir='ltr'><strong>autem</strong></span> <span class='ocrx_word' id='word_1_126' title='bbox 530 2532 932 2604; x_wconf 85' lang='lat' dir='ltr'><strong>Pulmanni</strong></span> <span class='ocrx_word' id='word_1_127' title='bbox 951 2532 1180 2614; x_wconf 87' lang='lat' dir='ltr'><strong>(Oud.</strong></span> <span class='ocrx_word' id='word_1_128' title='bbox 1202 2531 1416 2602; x_wconf 78' lang='lat' dir='ltr'><strong>Proef.</strong></span> <span class='ocrx_word' id='word_1_129' title='bbox 1449 2553 1521 2621; x_wconf 88' lang='lat' dir='ltr'><strong>p.</strong></span> <span class='ocrx_word' id='word_1_130' title='bbox 1544 2533 1801 2623; x_wconf 82' lang='lat' dir='ltr'><strong>XIII),</strong></span> <span class='ocrx_word' id='word_1_131' title='bbox 1823 2533 2096 2623; x_wconf 87' lang='lat' dir='ltr'><strong>quibus</strong></span> <span class='ocrx_word' id='word_1_132' title='bbox 2113 2533 2445 2620; x_wconf 89' lang='lat' dir='ltr'><strong>pretium</strong></span> 
     </span>
     <span class='ocr_line' id='line_1_20' title="bbox 257 2649 2447 2753; baseline 0 -36"><span class='ocrx_word' id='word_1_133' title='bbox 257 2649 563 2738; x_wconf 77' lang='lat' dir='ltr'><strong>aliquod</strong></span> <span class='ocrx_word' id='word_1_134' title='bbox 624 2651 812 2719; x_wconf 89' lang='lat' dir='ltr'><strong>Oud.</strong></span> <span class='ocrx_word' id='word_1_135' title='bbox 855 2649 1171 2735; x_wconf 85' lang='lat' dir='ltr'><strong>tribuit,</strong></span> <span class='ocrx_word' id='word_1_136' title='bbox 1237 2659 1727 2753; x_wconf 76' lang='lat' dir='ltr'><strong>nequaquam</strong></span> <span class='ocrx_word' id='word_1_137' title='bbox 1777 2653 2003 2722; x_wconf 80' lang='lat' dir='ltr'><strong>variae</strong></span> <span class='ocrx_word' id='word_1_138' title='bbox 2062 2653 2447 2744; x_wconf 72' lang='lat' dir='ltr'><strong>scripturae</strong></span> 
     </span>
     <span class='ocr_line' id='line_1_21' title="bbox 256 2769 2445 2867; baseline 0.001 -28"><span class='ocrx_word' id='word_1_139' title='bbox 256 2779 434 2839; x_wconf 87' lang='lat' dir='ltr'><strong>sunt</strong></span> <span class='ocrx_word' id='word_1_140' title='bbox 477 2789 572 2839; x_wconf 85' lang='lat' dir='ltr'><strong>ex</strong></span> <span class='ocrx_word' id='word_1_141' title='bbox 610 2792 766 2840; x_wconf 88' lang='lat' dir='ltr'><strong>uno</strong></span> <span class='ocrx_word' id='word_1_142' title='bbox 816 2769 1072 2862; x_wconf 88' lang='lat' dir='ltr'><strong>aliquo</strong></span> <span class='ocrx_word' id='word_1_143' title='bbox 1119 2770 1373 2844; x_wconf 85' lang='lat' dir='ltr'><strong>codice</strong></span> <span class='ocrx_word' id='word_1_144' title='bbox 1433 2787 1847 2867; x_wconf 76' lang='lat' dir='ltr'><strong>excerptae,</strong></span> <span class='ocrx_word' id='word_1_145' title='bbox 1899 2772 2031 2846; x_wconf 90' lang='lat' dir='ltr'><strong>sed</strong></span> <span class='ocrx_word' id='word_1_146' title='bbox 2079 2774 2445 2845; x_wconf 88' lang='lat' dir='ltr'><strong>lectiones</strong></span> 
     </span>
     <span class='ocr_line' id='line_1_22' title="bbox 248 2891 2445 2989; baseline 0.001 -27"><span class='ocrx_word' id='word_1_147' title='bbox 248 2891 785 2984; x_wconf 88' lang='lat' dir='ltr'><strong>undecumque</strong></span> <span class='ocrx_word' id='word_1_148' title='bbox 820 2915 1151 2981; x_wconf 86' lang='lat' dir='ltr'><strong>corrasae,</strong></span> <span class='ocrx_word' id='word_1_149' title='bbox 1205 2916 1304 2963; x_wconf 87' lang='lat' dir='ltr'><strong>ne</strong></span> <span class='ocrx_word' id='word_1_150' title='bbox 1362 2896 1817 2969; x_wconf 88' lang='lat' dir='ltr'><strong>coniecturis</strong></span> <span class='ocrx_word' id='word_1_151' title='bbox 1869 2898 2180 2989; x_wconf 86' lang='lat' dir='ltr'><strong>quidem</strong></span> <span class='ocrx_word' id='word_1_152' title='bbox 2231 2918 2445 2967; x_wconf 87' lang='lat' dir='ltr'><strong>exce·</strong></span> 
     </span>
     <span class='ocr_line' id='line_1_23' title="bbox 243 3015 2441 3111; baseline 0.001 -26"><span class='ocrx_word' id='word_1_153' title='bbox 243 3015 417 3110; x_wconf 82' lang='lat' dir='ltr'><strong>ptis.</strong></span> <span class='ocrx_word' id='word_1_154' title='bbox 541 3016 795 3089; x_wconf 88' lang='lat' dir='ltr'><strong>Didici</strong></span> <span class='ocrx_word' id='word_1_155' title='bbox 834 3017 985 3090; x_wconf 89' lang='lat' dir='ltr'><strong>hoc</strong></span> <span class='ocrx_word' id='word_1_156' title='bbox 1020 3036 1114 3085; x_wconf 85' lang='lat' dir='ltr'><strong>ex</strong></span> <span class='ocrx_word' id='word_1_157' title='bbox 1160 3034 1515 3090; x_wconf 87' lang='lat' dir='ltr'><strong>accurata</strong></span> <span class='ocrx_word' id='word_1_158' title='bbox 1561 3016 1840 3087; x_wconf 82' lang='lat' dir='ltr'><strong>harum</strong></span> <span class='ocrx_word' id='word_1_159' title='bbox 1897 3019 2441 3111; x_wconf 84' lang='lat' dir='ltr'><strong>scripturarum</strong></span> 
     </span>
    </p>
   </div>
   <div class='ocr_carea' id='block_1_2' title="bbox 109 3135 2441 3231">
    <p class='ocr_par' dir='ltr' id='par_1_6' title="bbox 109 3135 2441 3231">
     <span class='ocr_line' id='line_1_24' title="bbox 109 3135 2441 3231; baseline -0.001 -21"><span class='ocrx_word' id='word_1_160' title='bbox 109 3139 117 3148; x_wconf 84' lang='lat'><em>&#39;</em></span> <span class='ocrx_word' id='word_1_161' title='bbox 246 3140 689 3231; x_wconf 81' lang='lat' dir='ltr'><strong>collatione,</strong></span> <span class='ocrx_word' id='word_1_162' title='bbox 744 3142 1073 3209; x_wconf 85' lang='lat' dir='ltr'><strong>maxime</strong></span> <span class='ocrx_word' id='word_1_163' title='bbox 1121 3138 1204 3205; x_wconf 87' lang='lat' dir='ltr'><strong>in</strong></span> <span class='ocrx_word' id='word_1_164' title='bbox 1238 3137 1452 3205; x_wconf 89' lang='lat' dir='ltr'><strong>libris</strong></span> <span class='ocrx_word' id='word_1_165' title='bbox 1501 3136 1596 3204; x_wconf 88' lang='lat' dir='ltr'><strong>de</strong></span> <span class='ocrx_word' id='word_1_166' title='bbox 1644 3140 1728 3205; x_wconf 90' lang='lat' dir='ltr'><strong>B.</strong></span> <span class='ocrx_word' id='word_1_167' title='bbox 1766 3135 1848 3204; x_wconf 88' lang='lat' dir='ltr'><strong>C.</strong></span> <span class='ocrx_word' id='word_1_168' title='bbox 1889 3139 2088 3207; x_wconf 80' lang='lat' dir='ltr'><strong>facta</strong></span> <span class='ocrx_word' id='word_1_169' title='bbox 2156 3141 2324 3223; x_wconf 88' lang='lat' dir='ltr'><strong>(cfr.</strong></span> <span class='ocrx_word' id='word_1_170' title='bbox 2357 3139 2441 3208; x_wconf 87' lang='lat' dir='ltr'><strong>V.</strong></span> 
     </span>
    </p>
   </div>
   <div class='ocr_carea' id='block_1_3' title="bbox 244 3257 2440 3596">
    <p class='ocr_par' dir='ltr' id='par_1_7' title="bbox 244 3257 2440 3596">
     <span class='ocr_line' id='line_1_25' title="bbox 244 3257 2440 3350; baseline 0.004 -21"><span class='ocrx_word' id='word_1_171' title='bbox 244 3261 656 3337; x_wconf 58' lang='lat' dir='ltr'><strong>Ladae.</strong></span> <span class='ocrx_word' id='word_1_172' title='bbox 690 3269 760 3343; x_wconf 97' lang='grc'><strong>1,</strong></span> <span class='ocrx_word' id='word_1_173' title='bbox 816 3266 938 3339; x_wconf 83' lang='grc'><strong>15,</strong></span> <span class='ocrx_word' id='word_1_174' title='bbox 974 3265 1067 3338; x_wconf 69' lang='grc'><strong>5,</strong></span> <span class='ocrx_word' id='word_1_175' title='bbox 1124 3268 1195 3343; x_wconf 81' lang='grc'><strong>1,</strong></span> <span class='ocrx_word' id='word_1_176' title='bbox 1249 3266 1371 3342; x_wconf 82' lang='grc'><strong>21,</strong></span> <span class='ocrx_word' id='word_1_177' title='bbox 1425 3257 1515 3340; x_wconf 77' lang='lat'><strong>63</strong></span> <span class='ocrx_word' id='word_1_178' title='bbox 1576 3267 1647 3342; x_wconf 90' lang='grc'><strong>1,</strong></span> <span class='ocrx_word' id='word_1_179' title='bbox 1684 3258 1809 3345; x_wconf 82' lang='grc'><strong>26,</strong></span> <span class='ocrx_word' id='word_1_180' title='bbox 1843 3271 1927 3340; x_wconf 78' lang='lat'><strong>13</strong></span> <span class='ocrx_word' id='word_1_181' title='bbox 1979 3279 2294 3350; x_wconf 71' lang='lat' dir='ltr'><strong>quaeque</strong></span> <span class='ocrx_word' id='word_1_182' title='bbox 2327 3258 2440 3329; x_wconf 90' lang='lat' dir='ltr'><strong>in·</strong></span> 
     </span>
     <span class='ocr_line' id='line_1_26' title="bbox 247 3376 1548 3475; baseline -0.001 -26"><span class='ocrx_word' id='word_1_183' title='bbox 247 3381 361 3449; x_wconf 80' lang='lat' dir='ltr'><strong>fra</strong></span> <span class='ocrx_word' id='word_1_184' title='bbox 401 3378 751 3448; x_wconf 90' lang='lat' dir='ltr'><strong>dicentur</strong></span> <span class='ocrx_word' id='word_1_185' title='bbox 784 3378 877 3449; x_wconf 88' lang='lat' dir='ltr'><strong>ad</strong></span> <span class='ocrx_word' id='word_1_186' title='bbox 910 3381 990 3449; x_wconf 89' lang='grc' dir='ltr'><strong>Β.</strong></span> <span class='ocrx_word' id='word_1_187' title='bbox 1035 3377 1117 3447; x_wconf 83' lang='lat' dir='ltr'><strong>C.</strong></span> <span class='ocrx_word' id='word_1_188' title='bbox 1152 3390 1191 3457; x_wconf 83' lang='lat'><strong>1</strong></span> <span class='ocrx_word' id='word_1_189' title='bbox 1218 3422 1242 3465; x_wconf 82' lang='lat'><strong>,</strong></span> <span class='ocrx_word' id='word_1_190' title='bbox 1294 3384 1385 3466; x_wconf 84' lang='lat'><strong>5,</strong></span> <span class='ocrx_word' id='word_1_191' title='bbox 1440 3376 1548 3475; x_wconf 88' lang='grc'><strong>3).</strong></span> 
     </span>
     <span class='ocr_line' id='line_1_27' title="bbox 538 3500 2429 3596; baseline 0.004 -27"><span class='ocrx_word' id='word_1_192' title='bbox 538 3500 579 3569; x_wconf 83' lang='lat' dir='ltr'><strong>J</strong></span> <span class='ocrx_word' id='word_1_193' title='bbox 586 3523 707 3572; x_wconf 89' lang='lat' dir='ltr'><strong>am</strong></span> <span class='ocrx_word' id='word_1_194' title='bbox 755 3500 849 3573; x_wconf 90' lang='lat' dir='ltr'><strong>ad</strong></span> <span class='ocrx_word' id='word_1_195' title='bbox 876 3501 1239 3574; x_wconf 77' lang='lat' dir='ltr'><strong>editiones</strong></span> <span class='ocrx_word' id='word_1_196' title='bbox 1273 3501 1722 3596; x_wconf 86' lang='lat' dir='ltr'><strong>scriptorum</strong></span> <span class='ocrx_word' id='word_1_197' title='bbox 1756 3502 2064 3574; x_wconf 74' lang='lat' dir='ltr'><strong>Caesaris</strong></span> <span class='ocrx_word' id='word_1_198' title='bbox 2098 3516 2429 3596; x_wconf 87' lang='lat' dir='ltr'><strong>transeo,</strong></span> 
     </span>
    </p>
   </div>
   <div class='ocr_carea' id='block_1_4' title="bbox 237 3623 2504 4346">
    <p class='ocr_par' dir='ltr' id='par_1_8' title="bbox 237 3623 2504 4346">
     <span class='ocr_line' id='line_1_28' title="bbox 249 3623 2431 3722; baseline 0.004 -31"><span class='ocrx_word' id='word_1_199' title='bbox 249 3641 567 3713; x_wconf 89' lang='lat' dir='ltr'><strong>quarum</strong></span> <span class='ocrx_word' id='word_1_200' title='bbox 614 3623 1010 3718; x_wconf 81' lang='lat' dir='ltr'><strong>plerasque</strong></span> <span class='ocrx_word' id='word_1_201' title='bbox 1053 3625 1137 3696; x_wconf 90' lang='lat' dir='ltr'><strong>in</strong></span> <span class='ocrx_word' id='word_1_202' title='bbox 1194 3623 1678 3696; x_wconf 85' lang='lat' dir='ltr'><strong>Bibliotheca</strong></span> <span class='ocrx_word' id='word_1_203' title='bbox 1727 3625 1970 3722; x_wconf 83' lang='lat' dir='ltr'><strong>Regia</strong></span> <span class='ocrx_word' id='word_1_204' title='bbox 2014 3626 2431 3701; x_wconf 83' lang='lat' dir='ltr'><strong>Havniensi</strong></span> 
     </span>
     <span class='ocr_line' id='line_1_29' title="bbox 242 3745 2431 3846; baseline 0.002 -32"><span class='ocrx_word' id='word_1_205' title='bbox 242 3753 562 3815; x_wconf 85' lang='lat' dir='ltr'><strong>servatas</strong></span> <span class='ocrx_word' id='word_1_206' title='bbox 609 3747 1000 3818; x_wconf 88' lang='lat' dir='ltr'><strong>consulere</strong></span> <span class='ocrx_word' id='word_1_207' title='bbox 1035 3745 1299 3844; x_wconf 85' lang='lat' dir='ltr'><strong>potui,</strong></span> <span class='ocrx_word' id='word_1_208' title='bbox 1365 3747 1585 3820; x_wconf 90' lang='lat' dir='ltr'><strong>cuius</strong></span> <span class='ocrx_word' id='word_1_209' title='bbox 1630 3746 2118 3823; x_wconf 73' lang='lat' dir='ltr'><strong>bibliothecae</strong></span> <span class='ocrx_word' id='word_1_210' title='bbox 2164 3754 2431 3846; x_wconf 77' lang='lat' dir='ltr'><strong>praefe-</strong></span> 
     </span>
     <span class='ocr_line' id='line_1_30' title="bbox 241 3868 2427 3945; baseline -0.002 -1"><span class='ocrx_word' id='word_1_211' title='bbox 241 3883 536 3944; x_wconf 86' lang='lat' dir='ltr'><strong>ctorum</strong></span> <span class='ocrx_word' id='word_1_212' title='bbox 573 3868 1155 3942; x_wconf 88' lang='lat' dir='ltr'><strong>clarissimorum</strong></span> <span class='ocrx_word' id='word_1_213' title='bbox 1184 3870 1273 3941; x_wconf 91' lang='lat' dir='ltr'><strong>in</strong></span> <span class='ocrx_word' id='word_1_214' title='bbox 1303 3892 1430 3941; x_wconf 90' lang='lat' dir='ltr'><strong>me</strong></span> <span class='ocrx_word' id='word_1_215' title='bbox 1464 3870 2029 3945; x_wconf 86' lang='lat' dir='ltr'><strong>humanitatem</strong></span> <span class='ocrx_word' id='word_1_216' title='bbox 2060 3874 2237 3944; x_wconf 84' lang='lat' dir='ltr'><strong>satis</strong></span> <span class='ocrx_word' id='word_1_217' title='bbox 2265 3871 2427 3939; x_wconf 87' lang='lat' dir='ltr'><strong>lau-</strong></span> 
     </span>
     <span class='ocr_line' id='line_1_31' title="bbox 239 3991 2504 4086; baseline -0.001 -22"><span class='ocrx_word' id='word_1_218' title='bbox 239 3993 413 4064; x_wconf 87' lang='lat' dir='ltr'><strong>dare</strong></span> <span class='ocrx_word' id='word_1_219' title='bbox 462 3991 783 4086; x_wconf 87' lang='lat' dir='ltr'><strong>nequeo.</strong></span> <span class='ocrx_word' id='word_1_220' title='bbox 904 3992 1278 4064; x_wconf 87' lang='lat' dir='ltr'><strong>Monendi</strong></span> <span class='ocrx_word' id='word_1_221' title='bbox 1322 4007 1584 4068; x_wconf 85' lang='lat' dir='ltr'><strong>autem</strong></span> <span class='ocrx_word' id='word_1_222' title='bbox 1626 3996 1947 4071; x_wconf 85' lang='lat' dir='ltr'><strong>lectores</strong></span> <span class='ocrx_word' id='word_1_223' title='bbox 1992 4006 2212 4076; x_wconf 80' lang='lat' dir='ltr'><strong>sunt,</strong></span> <span class='ocrx_word' id='word_1_224' title='bbox 2263 4010 2421 4061; x_wconf 87' lang='lat' dir='ltr'><strong>non</strong></span> <span class='ocrx_word' id='word_1_225' title='bbox 2493 4071 2504 4084; x_wconf 88' lang='lat'>.</span> 
     </span>
     <span class='ocr_line' id='line_1_32' title="bbox 241 4116 2425 4204; baseline -0.002 -19"><span class='ocrx_word' id='word_1_226' title='bbox 241 4137 396 4185; x_wconf 88' lang='lat' dir='ltr'><strong>esse</strong></span> <span class='ocrx_word' id='word_1_227' title='bbox 427 4137 690 4187; x_wconf 88' lang='lat' dir='ltr'><strong>meum</strong></span> <span class='ocrx_word' id='word_1_228' title='bbox 717 4117 798 4194; x_wconf 86' lang='lat' dir='ltr'><strong>h.</strong></span> <span class='ocrx_word' id='word_1_229' title='bbox 831 4116 880 4186; x_wconf 87' lang='lat'><strong>1.</strong></span> <span class='ocrx_word' id='word_1_230' title='bbox 923 4116 1327 4198; x_wconf 81' lang='lat' dir='ltr'><strong>consilium</strong></span> <span class='ocrx_word' id='word_1_231' title='bbox 1363 4140 1624 4191; x_wconf 86' lang='lat' dir='ltr'><strong>omnes</strong></span> <span class='ocrx_word' id='word_1_232' title='bbox 1657 4117 2048 4202; x_wconf 86' lang='lat' dir='ltr'><strong>editiones,</strong></span> <span class='ocrx_word' id='word_1_233' title='bbox 2101 4131 2270 4204; x_wconf 77' lang='lat' dir='ltr'><strong>quae</strong></span> <span class='ocrx_word' id='word_1_234' title='bbox 2301 4133 2425 4181; x_wconf 84' lang='lat' dir='ltr'><strong>ex-</strong></span> 
     </span>
     <span class='ocr_line' id='line_1_33' title="bbox 237 4237 2427 4346; baseline -0.001 -41"><span class='ocrx_word' id='word_1_235' title='bbox 237 4252 455 4329; x_wconf 86' lang='lat' dir='ltr'><strong>stant,</strong></span> <span class='ocrx_word' id='word_1_236' title='bbox 509 4259 986 4332; x_wconf 87' lang='lat' dir='ltr'><strong>enumerare,</strong></span> <span class='ocrx_word' id='word_1_237' title='bbox 1040 4240 1229 4335; x_wconf 91' lang='lat' dir='ltr'><strong>quin</strong></span> <span class='ocrx_word' id='word_1_238' title='bbox 1262 4263 1358 4312; x_wconf 90' lang='lat' dir='ltr'><strong>ne</strong></span> <span class='ocrx_word' id='word_1_239' title='bbox 1397 4262 1520 4312; x_wconf 86' lang='lat' dir='ltr'><strong>eas</strong></span> <span class='ocrx_word' id='word_1_240' title='bbox 1554 4237 1871 4332; x_wconf 86' lang='lat' dir='ltr'><strong>quidem</strong></span> <span class='ocrx_word' id='word_1_241' title='bbox 1903 4256 2198 4346; x_wconf 84' lang='lat' dir='ltr'><strong>omnes,</strong></span> <span class='ocrx_word' id='word_1_242' title='bbox 2241 4256 2427 4326; x_wconf 85' lang='lat' dir='ltr'><strong>quas</strong></span> 
     </span>
    </p>
   </div>
  </div>
 </body>
</html>
