2859 4700
1259 172 1377 268 41

218 400 561 477 editione
587 393 1061 495 legebantur,
1086 397 1566 460 accesserunt
1592 397 1791 459 noto
1806 378 2122 455 Davisii.
2183 378 2406 451 Hanc

78 564 85 565 f
216 524 673 610 editionem,
708 518 911 615 quod
928 540 1085 588 non
1112 515 1255 611 erit
1281 510 1553 585 inutile
1582 528 1919 596 monere,
1947 506 2406 602 plerumque

216 646 596 743 intelligit
626 640 1245 735 OudendorpiuS,
1303 633 1605 728 quando
1641 620 1732 702 de
1765 632 1964 724 vulg.
2000 627 2357 721 loquitur.

503 766 986 841 Clarkianam
1042 761 1567 833 recensionem
1616 770 1918 825 secutus
1954 766 2067 822 est
2099 744 2410 824 Hermo·

23 928 34 951 ι
143 907 161 919 ·
220 894 397 965 laus
438 890 861 976 Albe-itius,
942 885 1162 957 cuius
1214 881 1451 955 editio
1492 878 1777 975 prodiit
1821 875 2158 948 Venetiis
2209 890 2409 941 anno

219 1018 385 1091 XII
420 1012 817 1088 Societatis
851 1010 1288 1085 Albritianae
1316 1006 1562 1094 (1736
1590 1010 1723 1075 aut
1764 1008 2039 1088 1737),
2088 1006 2162 1076 4.
2215 997 2412 1066 Prae-

217 1155 347 1211 ter
374 1154 703 1225 textum,
745 1137 839 1208 in
859 1157 1012 1227 quo
1046 1127 1571 1206 constituendo
1603 1150 1681 1198 se
1712 1146 1942 1197 usum
1961 1143 2121 1193 esse
2151 1113 2416 1188 scribit

222 1262 577 1349 Goduini
618 1274 700 1329 et
730 1258 1014 1331 Clarkii
1060 1255 1510 1328 editionibus
1541 1263 1621 1321 et
1652 1249 1984 1321 editione
2017 1243 2416 1318 Graeviana

232 1366 308 1452 a.
355 1389 553 1460 1713
603 1394 684 1450 et
727 1377 1101 1449 nonnulla
1158 1379 1343 1449 vitia
1394 1370 1792 1447 emendata
1860 1388 2022 1439 esse
2069 1378 2415 1452 testatur,

234 1501 451 1575 dedit
490 1502 1198 1595 interpretationem
1246 1499 1608 1572 Italicam.
1747 1492 2095 1565 Alterum
2159 1499 2418 1561 autem

231 1626 622 1715 volumen,
670 1627 754 1697 in
789 1647 940 1717 quo
977 1626 1359 1697 variorum
1388 1618 1971 1693 commentarios
2005 1612 2420 1706 repetitum

220 1751 329 1822 iri
373 1751 849 1844 promiserat,
934 1771 1089 1822 non
1120 1747 1428 1843 prodiit.
1530 1745 1750 1817 Hanc
1796 1742 2216 1816 editionem
2259 1754 2420 1805 non

178 1921 193 1927 -
224 1874 494 1969 putavi
533 1872 1076 1949 conferendam
1111 1895 1297 1944 esse.

493 2001 958 2072 Perventum
1007 2013 1123 2067 est
1159 1997 1480 2070 tandem
1505 1995 1603 2069 ad
1652 1988 2047 2064 editionem
2090 1988 2219 2060 Fr.
2267 1985 2419 2055 Ou-

227 2120 658 2210 dendotpii,
761 2119 1009 2213 Lugd.
1075 2119 1242 2191 Bat.
1310 2132 1390 2187 et
1444 2119 1976 2190 Rotterodami
2044 2120 2238 2194 1737
2257 2154 2279 2195 2
2371 2120 2419 2189 2

235 2237 432 2310 Voll.
481 2249 551 2319 4.
606 2237 875 2333 (Ebert
932 2241 1070 2318 No.
1103 2242 1379 2335 3282).
1442 2242 1704 2334 Quum
1759 2241 1845 2312 in
1893 2237 2042 2311 hac
2085 2235 2420 2310 editione

218 2363 612 2468 laudanda
667 2366 1011 2459 plerique
1066 2366 1489 2438 consentire
1539 2365 1943 2439 videantur
1969 2359 2104 2457 28),
2154 2380 2422 2431 meum

233 2486 331 2559 de
375 2512 468 2577 ea
521 2490 891 2563 iudicium
951 2489 1113 2560 fere
1165 2512 1435 2562 vereor
1497 2494 1859 2583 proferre.
1982 2489 2259 2563 Dicam
2307 2497 2420 2556 ta&

234 2631 418 2680 men
470 2611 597 2697 id,
677 2611 883 2700 quod
936 2611 1205 2685 sentio.
1307 2612 1522 2682 Vidit
1555 2611 1921 2703 quidem,
2003 2610 2209 2703 quod
2266 2609 2423 2678 iam

158 2715 167 2726 ’
236 2752 466 2824 supra
528 2731 820 2803 dictum
886 2746 1003 2802 est
1083 2732 1335 2829 (pag.·
1366 2742 1418 2815 7
1464 2740 1663 2829 sq.),
1767 2712 2060 2827 aliquot
2123 2731 2423 2806 codices

235 2853 398 2924 aliis
444 2853 800 2925 meliores
851 2877 1060 2945 esse,
1140 2857 1311 2948 sed,
1380 2857 1462 2931 id
1510 2859 1717 2951 quod
1770 2855 2061 2934 itidem
2112 2858 2422 2931 demon-

228 2990 550 3050 stratum
584 2991 740 3067 est,
794 2978 977 3073 quid
1008 2979 1187 3053 inde
1226 2997 1677 3075 sequeretur
1707 3005 1867 3056 non
1904 2983 2113 3061 vidit.
2223 2984 2424 3052 Lon-

148 3139 153 3142 -
229 3121 325 3197 ge
353 3102 703 3196 plurimis
735 3102 924 3174 locis
958 3105 1256 3177 codices
1284 3117 1643 3178 numerat
1684 3106 1830 3189 (sic
1860 3096 2080 3174 MSS.
2121 3101 2418 3199 etEdd.

229 3226 586 3316 quidam,
633 3224 852 3293 MSS.
887 3232 1003 3309 2.‚
1055 3223 1277 3298 MSS.
1320 3239 1400 3310 et
1440 3223 1632 3297 Edd.
1669 3222 2015 3317 plerique
2055 3226 2291 3314 cetu),
2346 3238 2424 3298 et

233 3364 324 3444 ex
371 3342 756 3436 plerisque
805 3364 1074 3413 eorum
1120 3360 1202 3416 et
1249 3345 1709 3421 editionibus
1748 3347 2012 3441 primis
2052 3347 2424 3442 optimam

236 3463 726 3557 scripturam,
797 3489 966 3559 quse
1009 3469 1093 3539 in
1124 3468 1580 3543 editionibus
1627 3487 1797 3565 post
1829 3471 2106 3545 Aldum
2136 3474 2417 3560 fuerat,

225 3587 318 3662 ,in
365 3591 703 3681 peiorem
756 3594 1118 3681 mutavit,
1202 3610 1292 3665 ut
1346 3610 1596 3666 textus
1666 3595 1762 3666 ab
1809 3617 1901 3666 eo
1961 3597 2422 3668 constitutus

240 3712 488 3784 multo
523 3713 834 3784 inferior
865 3716 965 3785 sit
991 3738 1122 3802 ec,
1180 3720 1516 3808 quiante
1552 3696 1734 3791 eum
1771 3719 2120 3817 vulgatus
2151 3723 2416 3793 fuerat.

242 3833 539 3926 Quanta
591 3850 849 3907 autem
899 3839 1361 3934 negligentia
1392 3842 1474 3913 in
1505 3842 1851 3917 codicum
1888 3857 1967 3912 et
1998 3845 2419 3914 editionum

238 3958 612 4067 scripturis
643 3958 1060 4034 indicandis
1089 3975 1423 4032 versatus
1454 3965 1573 4052 sit,
1615 3965 2034 4038 docuerunt
2072 3981 2195 4028 me
2226 3958 2419 4028 liber

336 4229 429 4298 28)
498 4226 617 4292 Cfr·
647 4227 905 4289 Schneid.
925 4230 1128 4303 Progr.
1157 4249 1215 4306 p.
1241 4236 1280 4296 8
1301 4251 1385 4309 sq.
1407 4267 1414 4272 -
