2859 4700
1251 213 1370 308 35

208 430 515 502 bellum
530 427 702 507 Var.
732 429 946 504 Lect.
979 427 1386 524 repetierit,
1419 426 1514 499 ad
1546 425 1879 519 aliquam
1909 448 2001 496 ex
2039 428 2417 522 prioribus

207 553 691 625 Manutianis
715 573 984 625 excusa
1019 552 1342 630 videtur.
1423 555 1519 623 In
1534 552 1679 625 hac
1711 552 2043 622 editione
2077 551 2413 645 primum

204 677 585 771 leguntur
645 678 958 748 Caesaris
1004 677 1498 768 Fragmenta,
1569 697 1612 744 a
1649 674 1916 744 Fulvio
1949 676 2224 746 Ursino
2261 675 2417 748 col·

207 799 458 882 lecta3
510 799 603 869 de
637 799 1024 870 codicibus
1055 812 1341 888 autem,
1396 820 1585 890 quos
1614 798 1697 867 in
1735 796 2417 869 Emendationibus

202 923 297 995 in
342 923 714 992 Caesarem
751 938 1321 1009 commemorat,
1390 942 1617 1014 supra
1654 919 1804 991 dixi
1859 924 2063 1015 (pagg
2113 921 2414 1011 13'sq.).

205 1046 563 1138 Repetita
597 1045 902 1119 est'haec
958 1046 1189 1118 editio
1225 1045 1410 1120 ibid.
1448 1067 1568 1138 ap.
1594 1041 1846 1114 eumd.
1885 1049 2105 1129 1574,
2140 1051 2234 1124 83
2291 1061 2417 1133 pa-

207 1168 417 1262 ginae
450 1170 750 1264 paginis
785 1168 944 1239 fere
986 1168 1279 1261 ubique
1321 1166 1805 1261 respondent.
1917 1167 2419 1236 Accesserant

160 1326 165 1331 ·
206 1288 407 1361 huic
442 1289 760 1358 editioni
793 1291 1089 1361 Scholia
1118 1292 1308 1360 Aldi
1337 1288 1679 1359 Manutii
1708 1299 1786 1355 et
1815 1287 1881 1361 J.
1901 1287 2252 1357 Sambuci
2283 1288 2421 1357 Le-

216 1408 506 1478 ctiones
544 1422 619 1477 et
664 1408 1069 1502 Spicilegia
1113 1412 1447 1501 quadam
1495 1411 1575 1479 in
1625 1410 1885 1481 Comm.
1941 1406 2009 1482 J.
2067 1408 2422 1487 Coesariu

219 1528 400 1601 haec
441 1529 868 1625 spicilegia,
943 1553 1111 1621 quae
1167 1530 1353 1602 duas
1396 1530 1710 1626 paginas
1759 1527 2121 1622 implent,
2196 1530 2419 1599 variae

215 1651 607 1745 scripturae
628 1667 805 1723 sunt
825 1671 917 1722 ex
935 1653 1137 1744 aliqu
1146 1666 1224 1722 ot
1238 1653 1448 1725 codd.
1469 1665 1856 1745 excerptae.
1903 1653 2066 1724 Hac
2083 1651 2419 1722 editione

212 1775 587 1862 Oudend‹
606 1796 785 1846 usus
817 1789 976 1861 θεῖς
1031 1774 1196 1869 ipse
1231 1777 1563 1871 priorem
1600 1776 2004 1869 saepissime
2041 1772 2416 1846 consului.

486 1898 793 1972 Ioannis
819 1900 1120 1970 Rosseti
1157 1898 1683 1972 Aurimontani
1723 1898 2138 1970 editionem
2184 1893 2419 1993 (Lau-

208 2043 471 2093 sannae
507 2028 742 2106 1571,
809 2020 979 2114 fol.)
1026 2019 1179 2093 vidi
1222 1997 1575 2109 quidem}
1640 2019 1772 2088 sed
1813 2042 1976 2089 raro
2030 2020 2420 2102 consului;

218 2142 529 2211 videtur
580 2153 838 2209 autem
882 2139 1374 2211 Manutianas
1406 2140 1887 2230 potissimum
1909 2143 2164 2230 sequi.
2275 2139 2418 2215 Ade

226 2258 432 2333 ditus
467 2275 579 2332 est
596 2261 891 2332 libellus
923 2260 1002 2330 V
992 2259 1328 2333 uriarum
1345 2261 1816 2352 Lectionum,
1873 2283 1965 2331 ex
2004 2283 2155 2354 quo
2192 2284 2419 2356 appae

220 2401 384 2475 ret,
439 2384 804 2456 editorem
841 2397 1116 2479 praeter
1143 2384 1479 2457 Manutii
1512 2385 1923 2456 editionem
1958 2388 2418 2458 consuluisse

222 2508 634 2580 editionem
661 2512 1090 2580 Romanam
1128 2530 1194 2579 a.
1238 2516 1460 2594 1472,
1515 2508 2039 2599 Gryphianum
2077 2511 2424 2602 minimae·

225 2633 487 2700 formae
521 2628 735 2723 (ergo
767 2631 1208 2699 Vascosanae
1238 2627 1843 2719 repetitionem),
1920 2628 2087 2699 edd.
2124 2632 2214 2704 R.
2252 2631 2419 2701 Ste-

229 2750 467 2844 phani
504 2765 582 2821 et
610 2750 938 2820 'Antonii
973 2748 1389 2841 vincentii,
1464 2747 1820 2845 Lugduni
1871 2756 2108 2837 1557,
2182 2773 2418 2843 quam

229 2874 410 2944 alibi
479 2885 1149 2943 commemoratam
1214 2891 1366 2942 non
1412 2873 1688 2965 reperi..
1814 2872 2138 2945 Oudend
2214 2875 2419 2946 hanc

229 2994 637 3074 editionem
684 2993 960 3067 habuit
1011 2991 1192 3086 (vid.
1239 2996 1459 3072 Praef.
1505 3017 1580 3090 p,
1640 2998 1773 3068 XV
1825 3019 1932 3088 sq.
1969 3011 2048 3067 et
2077 2997 2169 3066 ad
2207 3001 2286 3068 B.
2330 2999 2411 3069 C.

225 3128 299 3210 3²
346 3130 517 3207 112,
552 3121 658 3208 8).
2391 3145 2404 3186 2

492 3238 857 3326 Sequitur
905 3237 991 3306 F.
1036 3235 1444 3308 Hotomanz'
1488 3232 1786 3307 editiot.
1838 3235 1914 3305 C.
1953 3233 2016 3301 J.
2063 3236 2156 3322 C„
2191 3238 2416 3308 Com·

230 3359 599 3432 mentarii.
745 3358 944 3429 Cum
999 3356 1305 3429 scholiis
1357 3360 1438 3433 F.
1486 3358 1942 3445 Hotomani,
2010 3360 2094 3430 F.
2136 3361 2412 3451 Ursini,

237 3480 398 3556 Ald.
432 3478 788 3552 Manutii.
846 3479 1205 3578 Lugduni
1244 3486 1461 3566 1574,
1498 3478 1631 3550 fol.
1656 3481 1944 3566 .(Ebert
1979 3482 2119 3558 No.
2154 3487 2413 3570 3268).

236 3604 326 3675 In
353 3602 502 3671 hac
550 3603 877 3675 editione
927 3604 1262 3698 primum
1310 3626 1448 3696 per
1496 3601 1743 3696 capita
1780 3603 2015 3676 divisa
2046 3621 2225 3676 sunt
2255 3608 2413 3706 Cae·

235 3726 408 3797 saris
439 3725 689 3812 verba,
723 3727 855 3796 sed
894 3727 1234 3822 longiora
1267 3726 1397 3795 illa
1431 3748 1660 3817 quam
1694 3714 1969 3819 quihus
2003 3752 2211 3801 nunc
2244 3744 2416 3823 post

238 3851 841 3946 langermanurn
873 3850 1180 3919 utimur.
1306 3850 1562 3942 Quum
1594 3871 1684 3920 ex
1712 3850 2017 3921 scholiis
2047 3854 2412 3922 Hotoma-

235 3975 310 4044 ni
358 3974 538 4042 satis
579 3984 913 4058 constet,
971 3971 1146 4061 quid
1184 3970 1264 4040 in
1312 3987 1524 4043 textu
1561 3976 2011 4045 mutandum
2041 3974 2411 4059 statuerit,

238 4095 523 4166 textum
572 4097 868 4187 ipsum,
937 4095 1069 4185 qui
1128 4095 1624 4169 Manutianus
1680 4118 1840 4167 esse
1890 4090 2214 4185 videtur,
2292 4116 2413 4167 aco

242 4219 553 4292 curatius
595 4213 935 4290 conferre
983 4216 1219 4287 nolui.

1740 4335 1840 4413 3*
