2859 4700
1473 194 1596 284 88

450 405 719 485 citiam
743 400 1041 499 publice
1081 401 1594 497 privatimque„
1624 400 1976 497 peterent.
2078 398 2310 472 Plura
2351 401 2644 479 dabunt

452 528 716 603 lexica.
2237 524 2244 529 ’

725 647 1082 718 Ceterum
1102 691 1126 733 ‚
1177 660 1268 717 ut
1296 643 1452 718 hoc
1485 643 1733 716 obiter
1762 663 2160 731 moneam,
2215 649 2476 738 paullo
2512 676 2642 724 su-

452 791 592 866 pra
627 769 973 865 Kreyssig
1003 782 1212 838 recte
1246 768 1580 839 restituit
1626 768 2071 859 scripturam
2096 811 2120 853 ,
2205 791 2376 861 quae
2423 775 2504 844 in
2556 798 2643 846 o-

452 893 790 980 mnibuS,
840 906 1214 984 quantum
1244 890 1437 977 scio,
1493 889 1952 960 editionibus
1990 903 2164 959 ante
2189 893 2642 968 Oberlinum

455 1030 825 1085 servatur:
907 1014 1097 1087 bona
1141 1013 1482 1084 restituit
1527 1013 1677 1101 iis,
1764 1034 1950 1103 quos
1996 1013 2306 1085 liberius
2348 1018 2638 1089 locutos

457 1138 706 1209 hanc
738 1132 1025 1232 (Oberl.
1048 1155 1142 1204 ex
1175 1134 1517 1229 pessimis
1541 1133 2091 1220 codd.Lovan.,
2127 1138 2369 1223 Dorv.,
2414 1138 2625 1209 Leid.

456 1280 607 1328 sec.
655 1278 803 1346 ac,
875 1260 1080 1350 quod
1118 1259 1270 1330 iam
1301 1258 1494 1333 Qud.
1525 1272 1711 1328 'non
1762 1255 2267 1349 spernendum
2298 1259 2620 1348 censuit)

449 1384 758 1476 poenam
812 1383 1075 1453 tulisse
1124 1393 1623 1483 cognoveram
1688 1380 1887 1448 bene
1940 1381 2144 1448 enim
2193 1376 2634 1462 observavit,

457 1524 626 1591 quae
655 1503 891 1573 fuerit
911 1526 1155 1595 poena
1179 1524 1269 1572 ex
1292 1525 1455 1595 cap.
1478 1506 1658 1588 18‚5
1677 1516 1758 1569 et
1777 1500 2024 1570 verbis
2054 1503 2245 1572 bona
2273 1496 2642 1584 restituit,

457 1642 629 1713 quae
664 1623 794 1693 hic
826 1624 1311 1711 praecedunt,
1377 1623 1607 1689 facile
1645 1620 1992 1713 intelligi.
2095 1621 2387 1690 Eodem
2417 1618 2648 1689 modo

459 1741 728 1832 saepius
762 1761 1186 1829 pronomen
1222 1741 1370 1826 hic,
1398 1751 1489 1806 ut
1507 1737 1944 1806 Graecorum
1976 1738 2648 1822 30÷(vid.E1-furdt.

459 1876 538 1931 et
577 1863 989 1941 Hel-menn.
1024 1860 1115 1929 ed
1151 1859 1383 1952 Soph.
1418 1857 1606 1928 Oed.
1643 1859 1834 1948 ‘I'yn
1870 1869 2050 1943 101,
2108 1858 2523 1927 Wellauer.
2547 1863 2656 1931 ad

459 1981 705 2057 AEsch.
743 1983 948 2074 Sept.
994 1981 1245 2051 Theb.
1280 1983 1512 2070 613),
1578 1979 1672 2053 de
1708 2001 1799 2046 eo
1830 1977 2144 2063 dicitur,
2214 1978 2420 2068 quod
2476 1980 2657 2069 quis

456 2104 542 2176 in
575 2121 831 2173 mente
849 2076 1109 2186 habe&
1164 2100 1510 2196 exempla
1529 2119 1622 2168 ex
1638 2099 1945 2169 Caesaris
1971 2099 2265 2192 scriptis
2295 2099 2653 2172 desumto

459 2227 675 2298 dedit
708 2225 910 2298 Held
945 2227 1036 2298 ad
1069 2229 1159 2301 Β.
1188 2225 1270 2300 C.
1306 2235 1395 2311 2,
1468 2234 1606 2308 20,
1677 2221 1956 2312 quibus
1987 2220 2163 2291 addi
2214 2236 2534 2313 possunt
2562 2210 2643 2301 B'.

458 2351 555 2425 G.
590 2356 682 2438 5,
736 2360 827 2436 4,
882 2358 974 2432 43
1032 2350 1112 2423 Β.
1142 2349 1222 2421 c.
1260 2357 1348 2433 3,
1407 2354 1598 2431 112,
1649 2349 1695 2422 5
1754 2336 1857 2428 ⁷);
1930 2343 2117 2413 item
2149 2344 2233 2415 Β.
2271 2345 2351 2421 C.
2390 2355 2480 2435 2,
2537 2355 2628 2423 43

462 2473 683 2557 extr.,‘
728 2469 864 2538 ubi
896 2468 1081 2541 Scal.
1109 2515 1132 2556 ,
1205 2467 1423 2552 oud„
1478 2479 1792 2538 recentt.
1820 2465 2161 2558 plerique
2195 2459 2293 2534 'ex
2326 2468 2481 2542 cod.
2499 2466 2624 2536 Ur·

461 2592 608 2663 sini
645 2585 701 2655 8)
762 2591 1132 2663 dederunt
1183 2593 1270 2663 ob
1303 2590 1683 2675 timorem3
1754 2587 2313 2659 restituendum
2362 2604 2478 2658 est
2518 2607 2645 2657 au-

598 2928 658 2999 ·7)
727 2925 913 2982 Etiam
936 2942 1262 3000 pronomen
1292 2927 1348 2981 is
1371 2928 1449 2982 sic
1471 2938 1782 3002 usurpatur
1796 2968 1812 2995 ‚
1845 2928 1959 2984 vid.
1987 2928 2121 2985 sall.
2146 2929 2272 3001 Jng.
2297 2932 2395 2992 54,
2438 2931 2508 2992 63
2555 2930 2658 2992 83.

736 3030 798 3086 13
831 3024 963 3085 114,
998 3029 1050 3080 1·
1130 3018 1484 3074 Ramshorns
1506 3020 1716 3076 Latein.
1749 3022 2010 3076 Gramm.
2039 3024 2070 3091 §
2098 3029 2201 3085 159
2229 3033 2351 3091 pag·
2378 3022 2501 3078 354·

600 3110 658 3181 8)
724 3107 852 3165 Hoc
874 3108 935 3164 in
959 3109 1459 3165 Emendationibus
1481 3110 1591 3166 suis
1604 3153 1619 3179 ‚
1682 3112 1887 3185 quibus
1920 3113 1989 3167 de
2014 3108 2300 3170 Ursiniani
2334 3106 2456 3161 cod.
2496 3106 2655 3161 scri-

730 3202 914 3275 pruris
938 3200 1069 3255 solis
1092 3198 1259 3255 fidem
1282 3199 1602 3257 habendam
1625 3220 1740 3258 esse
1764 3203 1964 3258 monui
1987 3220 2161 3275 snpra
2185 3203 2245 3255 in
2258 3197 2573 3269 prolegom.
2589 3217 2657 3270 p.

732 3300 803 3355 13
829 3310 941 3364 sq„
979 3308 1101 3344 non
1124 3303 1564 3362 commemorat,
1602 3295 1696 3350 sed
1724 3293 1784 3347 in
1807 3293 2034 3363 Fragm.
2065 3292 2207 3347 Hist.
2231 3307 2358 3365 pag.
2382 3299 2507 3354 221.
2564 3289 2657 3343 Ex

733 3381 844 3435 hoc
868 3391 1058 3436 autem
1083 3382 1209 3436 loco
1232 3394 1500 3457 apparet,
1538 3402 1672 3440 enm
1695 3384 1756 3437 in
1779 3382 1866 3437 his
1888 3383 2037 3437 notis
2062 3381 2484 3438 conscribendis
2509 3380 2658 3436 alio-

734 3490 872 3526 rum
898 3471 1059 3526 codd.
1091 3475 1362 3546 excerptis
1384 3493 1552 3529 nsum
1578 3492 1721 3552 esse,
1756 3489 1930 3545 quam
1953 3472 2013 3525 in
2038 3473 2557 3540 Emendationihus,
2596 3473 2660 3527 in

738 3561 944 3634 quibus
968 3564 1167 3637 optimi
1191 3564 1392 3619 codicis
1430 3565 1727 3636 scripturae
1763 3563 1975 3635 aliquot
2011 3560 2355 3620 afferuntur.
2425 3564 2659 3620 Initium

733 3660 881 3706 notae
922 3655 1039 3710 eius
1076 3655 1183 3710 hoc
1221 3664 1327 3710 est:
1378 3654 1631 3726 ”Reliqui
1671 3655 1779 3710 hoc
1816 3655 2047 3725 timore]
2088 3673 2143 3709 v.
2178 3672 2229 3710 c.
2257 3654 2334 3710 oh
2369 3654 2658 3708 timorem.

739 3741 813 3794 Et
850 3744 1020 3814 paulo
1045 3755 1174 3817 post
1198 3746 1365 3800 habet
1394 3744 1544 3800 idem
1569 3765 1624 3799 v.
1656 3764 1704 3799 c.
1737 3746 2115 3814 lembuncnli,
2163 3764 2305 3822 pru,
2346 3733 2658 3801 lenunculi.

737 3831 1029 3886 lenunculi
1051 3844 1239 3890 tamen
1264 3847 1347 3890 est
1370 3837 1431 3890 in
1457 3855 1585 3891 meo
1611 3857 1665 3891 v.
1691 3843 1774 3891 c.’‘
1845 3838 2026 3893 Simul
2054 3848 2322 3913 apparet,
2372 3845 2660 3909 quantum

741 3923 870 3979 fidei
904 3921 1080 3978 tribui
1114 3927 1285 3998 possit
1308 3928 1684 3999 sanger-mani
1724 3928 1953 3984 editioni
1966 3970 1981 3996 ,
2042 3931 2105 3984 in
2141 3948 2254 4003 qna
2276 3930 2492 3984 horum
2528 3926 2659 3980 loco

735 4017 851 4072 hoec
875 4014 1141 4087 leguntur
1168 4020 1313 4091 (pag.
1327 4021 1466 4090 251):
1505 4020 1778 4092 ”Reliqui
1805 4023 1910 4074 hoc
1934 4023 2156 4089 timore]
2185 4025 2259 4079 V.
2290 4020 2355 4075 C·
2389 4019 2458 4072 ob
2483 4018 2662 4070 timo-

738 4130 870 4165 rem.
897 4118 951 4161 et
982 4109 1150 4180 paulo
1179 4120 1309 4164 ante
1331 4108 1394 4163 in
1416 4126 1546 4163 meo
1576 4113 1649 4165 V.
1678 4110 1743 4165 C.
1767 4121 1850 4165 cst
1884 4115 2225 4169 lenunculi-’³
2253 4140 2325 4157 --
2351 4109 2434 4166 Ex
2462 4106 2659 4162 Havn·

737 4201 809 4256 A.
835 4200 1161 4257 exciderunt
1184 4200 1363 4259 verba
1388 4200 1602 4276 reliqui
1626 4230 1702 4250 -·
1724 4205 2112 4260 tardarentur.
