2859 4700
721 964 949 1102 PR
971 912 2064 1119 οιΕαοΜΕΝΑ.

212 1408 217 1414 “
292 1342 619 1505 Quum
660 1402 1066 1500 superioris
1096 1403 1277 1474 anni
1310 1402 1538 1475 inrtio
1566 1399 1982 1473 editionem
2012 1401 2494 1479 Commenta·

239 1513 259 1573 Ϊ
297 1532 590 1602 riorum
623 1527 719 1598 de
740 1525 958 1598 Bello
976 1524 1275 1596 Gallico
1300 1545 1346 1594 a
1375 1545 1505 1593 me
1523 1535 1863 1595 curatam
1887 1521 1974 1593 in
2001 1522 2260 1596 lucem
2274 1524 2498 1599 emit-

293 1664 537 1723 terem
554 1694 580 1738 ,
642 1645 736 1719 in
789 1644 1229 1741 prefatione
1277 1642 1481 1742 (pag.
1515 1641 1624 1741 X)
1656 1643 2070 1737 pollicebar
2085 1689 2111 1733 ,
2156 1666 2288 1717 me
2336 1648 2494 1721 sin·

293 1772 548 1872 gulari
587 1768 857 1841 libello
914 1767 1012 1840 de
1058 1765 1411 1841 codicum
1466 1779 1551 1837 et
1613 1760 2037 1840 editionum
2081 1767 2494 1844 virtutibus

296 1911 379 1967 et
409 1894 616 1967 vitiis
645 1907 996 1987 acturum
1030 1910 1218 1965 esse.
1317 1890 1547 1963 Tunc
1576 1888 1786 1960 enim
1818 1890 2181 1983 temporis
2206 1891 2292 1962 in
2326 1891 2494 1964 ani-

293 2038 429 2088 mo
459 2028 643 2104 erat,
686 1992 953 2085 omnes
980 2012 1377 2100 editiones,
1410 2032 1741 2103 quarum
1774 2010 1972 2082 mihi
2008 2009 2229 2105 copia
2259 2023 2492 2103 esset,

299 2138 412 2208 ita
439 2138 643 2206 inter
671 2155 752 2202 se
787 2154 1251 2224 comparare,
1285 2145 1400 2217 ut,
1445 2130 1629 2220 quid
1658 2131 1804 2200 alia
1836 2152 1929 2198 ex
1958 2130 2109 2200 alia
2135 2145 2492 2205 mutuata

304 2268 544 2343 esset,
594 2265 941 2324 accurate
992 2250 1632 2334 demonstratum
1685 2248 1782 2321 de
1812 2233 1918 2321 'iis
1962 2263 2220 2321 autem
2238 2296 2264 2340 ,
2318 2274 2493 2345 quo

296 2366 499 2454 mihi
530 2377 903 2464 deessent,
936 2374 1261 2446 aliorum
1281 2372 1569 2447 iudicia
1596 2370 2009 2470 colliger03
2059 2374 2489 2453 editionum

293 2522 479 2573 vero
531 2497 897 2569 lectiones
929 2518 1108 2568 cum
1138 2494 1564 2583 codicibus,
1615 2494 1711 2566 de
1749 2517 2083 2588 quorum
2118 2500 2489 2592 scriptura

295 2619 587 2713 aliquid
615 2605 1016 2712 cognitum
1043 2615 1455 2702 haberem,
1510 2616 1620 2684 ita
1648 2617 2108 2686 contendere
2126 2660 2152 2704 ,
2204 2633 2294 2688 ut
2310 2662 2336 2707 ,
2387 2618 2487 2696 ad

299 2760 714 2837 quemnam
745 2735 1083 2811 codicem
1120 2737 1403 2827 quaevis
1430 2735 1667 2808 editio
1694 2736 2036 2830 proxime
2066 2740 2490 2835 accederet,

297 2861 668 2955 exemplis
720 2858 965 2931 allatis
1010 2858 1385 2932 docerem.
1536 2859 1738 2932 Rem
1788 2877 2050 2933 autem
2090 2860 2489 2957 inceptam

298 2985 493 3078 (iam
540 2984 790 3070 enim,
866 2981 1238 3054 iuvenum
1273 2981 1779 3073 quorumdam
1830 2983 2488 3061 ornatissimorum

295 3106 578 3178 auxilio
631 3104 976 3192 adiutus,
1059 3105 1477 3176 editionem
1524 3106 1955 3176 Romanam
2022 3110 2206 3177 anni
2257 3110 2482 3199 1469,

295 3227 671 3300 venetam
726 3247 790 3298 a.
849 3232 1046 3303 1471
1066 3272 1091 3313 ,
1163 3222 1781 3291 Mediolanenses
1818 3241 1884 3289 a.
1916 3230 2114 3304 1477
2135 3237 2223 3295 et
2259 3235 2485 3320 1478,

293 3350 673 3419 Venetam
723 3364 789 3418 a.
842 3348 1080 3429 1511,
1151 3339 1512 3412 Aldinam
1554 3364 1624 3412 a.
1667 3347 1907 3438 1519,
1969 3344 2059 3419 R.
2111 3348 2486 3445 stephani

296 3489 365 3544 a.
420 3471 620 3547 1544
680 3484 859 3536 cum
889 3485 1064 3535 mea
1105 3462 1440 3535 editione
1482 3463 1857 3538 librorum
1888 3466 1987 3540 de
2014 3469 2098 3548 B.
2129 3470 2226 3551 G.
2256 3487 2484 3550 accu-

294 3587 668 3660 ratissime
703 3580 1200 3679 contuleram)
1254 3609 1347 3659 ea
1389 3589 1750 3685 cogitatio
1781 3587 2320 3687 interpellavit,
2367 3595 2484 3671 la..

294 3710 568 3783 horem
614 3730 659 3778 a
692 3730 840 3778 -me
872 3714 1313 3803 susceptum
1347 3731 1509 3779 esse
1529 3754 1557 3797 ‚
1609 3693 1827 3784 cuius
1850 3734 2012 3786 non
2035 3690 2247 3790 tanta
2281 3732 2481 3789 esset

194 3820 200 3824 ’
292 3832 609 3920 utilitas,
662 3843 753 3901 ut
780 3833 1152 3925 ,temporis
1187 3830 1674 3926 dispendium
1701 3856 1794 3906 ea
1820 3853 2481 3933 compensaretnr3

292 3953 646 4026 libellum
694 3966 956 4024 autem
1009 3974 1098 4022 ea
1136 3953 1231 4025 de
1257 3976 1339 4024 re
1376 3950 2002 4031 conscribendum
2030 3960 2263 4029 talem
2301 3979 2478 4031 eva-

299 4091 596 4164 surum,
630 4088 718 4144 ut
747 4077 869 4148 vix
900 4075 1144 4148 futuri
1175 4077 1482 4149 Caesaris
1517 4078 1842 4152 editores
1870 4100 2055 4151 eum
2083 4077 2477 4175 perlegere

295 4198 781 4292 sustinerent,
819 4199 1052 4273 ceteri
1090 4197 1185 4273 ab
1220 4222 1448 4296 opere
1484 4215 1644 4275 tam
1675 4201 1986 4292 taedioso
2011 4199 2476 4300 perlegendo

1860 4347 1906 4415 1
