2859 4700
177 445 439 515 quam
467 440 731 490 verum
770 417 869 489 eit
921 417 1337 492 diiudicare
1381 440 1540 490 non
1569 437 1926 513 possum,
1980 439 2223 511 quum
2254 420 2398 492 ille

180 547 625 619 Cellariana
658 563 1001 640 ceream3
1054 564 1309 635 neque
1336 564 1459 614 res
1499 543 1763 638 magni
1805 542 2181 613 momenti
2227 563 2390 613 esse

179 669 503 741 videtur
530 659 642 735 30).
745 666 917 738 Hoc
956 678 1252 735 certum
1303 677 1459 752 est,
1523 680 1823 737 textum
1868 662 2390 760 Oudendorpi·

177 813 434 865 anum
484 810 732 881 neque
767 785 848 858 in
880 788 1091 859 Mori
1123 786 1458 859 editione
1498 808 1754 878 neque
1799 785 1883 857 in
1907 786 2042 874 iis,
2094 808 2262 880 quoe
2297 810 2391 858 ex

183 937 285 984 ea
344 911 698 983 derivatae
755 925 977 999 sunt,
1027 910 1356 982 fideliter
1416 911 1828 1004 repetitum
1881 931 2072 984 esse.
2172 910 2392 980 Cete-

174 1059 367 1107 rum
413 1050 495 1108 et
552 1035 834 1109 eritieae
890 1046 969 1105 et
1011 1034 1421 1129 exegeticae
1473 1034 1682 1105 Mori
1707 1029 2396 1104 animadversione·

179 1181 394 1253 saepe
430 1159 799 1255 egregiae,
852 1157 1014 1228 fere
1049 1178 1350 1251 semper
1379 1156 1599 1227 bonae
1631 1169 1712 1226 et
1737 1156 1969 1229 utiles
2000 1166 2202 1225 sunt.

403 1282 724 1351 Morum
774 1278 1252 1368 potissimum
1298 1277 1545 1350 secuti
1590 1291 1774 1349 sunt
1809 1276 2219 1370 Bipontini,
2270 1274 2392 1346 Bi·-

181 1399 416 1494 ponti
449 1407 673 1486 1782,
721 1406 798 1484 8,
836 1409 917 1465 et
962 1399 1447 1494 Argentorati
1474 1408 1698 1486 1803,
1751 1406 1830 1492 8,
1881 1418 2031 1491 qua
2064 1394 2400 1468 editione

194 1542 349 1617 ego
385 1540 566 1591 usus
607 1540 800 1597 sum.
906 1519 1053 1592 Ubi
1095 1535 1355 1591 autern
1398 1542 1444 1592 a
1480 1520 1689 1592 Mori
1734 1533 1953 1590 textu
1996 1517 2395 1607 recedunt,

191 1646 608 1739 scripturas
646 1642 742 1712 ab
781 1663 875 1712 eo
915 1643 998 1712 in
1028 1644 1229 1713 notis
1260 1643 1615 1735 probatas
1648 1658 2125 1737 receperunt.
2159 1706 2164 1711 .

406 1765 766 1856 Sequitur
795 1765 1030 1837 editio
1065 1764 1133 1836 Ι.
1161 1763 1225 1841 Ι.
1263 1764 1645 1853 Oberlini,
1716 1767 1993 1860 Lipsiae
2024 1773 2215 1850 1805
2239 1813 2263 1855 ,
2315 1776 2391 1849 8.

182 1888 322 1961 Ait
342 1887 750 1959 Oberlinus
769 1888 853 1959 in
868 1887 1309 1982 praefatione
1325 1910 1497 1986 pag.
1519 1889 1628 1960 IV
1646 1913 1669 1959 ε
1688 1888 1975 1983 Sicubi,
1999 1893 2396 1987 quodper-

184 2007 612 2106 cefactum,
634 1990 731 2080 a‘b
756 2009 1405 2103 Oudendorpiana,
1423 2032 1652 2101 quam
1678 2023 1754 2081 et
1775 2012 2039 2083 Morus
2054 2008 2393 2106 suamfe-

191 2141 431 2221 cerat,
468 2132 886 2201 recensione
911 2131 1212 2215 recessi,
1247 2152 1413 2223 quoe
1446 2151 1561 2199 me
1590 2134 1791 2202 ratio
1820 2134 2166 2221 mouerit,
2193 2135 2397 2206 indi-

195 2251 390 2322 cavi.
460 2247 637 2338 Sed,
676 2249 1048 2341 quodiam
1062 2252 1422 2351 Kreyssig
1440 2252 1745 2323 monuit
1765 2252 2017 2344 (Praef.
2037 2276 2116 2351 p.
2135 2257 2393 2353 Vsq.),

190 2372 404 2445 Mori
437 2371 753 2445 editioni
785 2374 1188 2469 saepissime
1217 2374 1571 2461 adhaesit3
1624 2376 2095 2472 ubicumque
2132 2395 2395 2454 autem

194 2496 290 2567 ab
323 2518 414 2566 ea
466 2496 850 2584 discessit,
906 2498 1285 2568 minorem
1337 2499 1823 2591 potissimum
1870 2499 2393 2597 Oudendorpii

198 2615 613 2686 editionem
659 2628 964 2686 secutus
1008 2630 1144 2687 est.
1285 2617 1513 2709 Ques
1563 2632 1825 2692 autem
1884 2622 2049 2715 ipse
2104 2622 2398 2696 addidit

202 2735 596 2829 scripturae
624 2737 1048 2828 varietateS‚
1103 2759 1212 2807 eae
1253 2737 1443 2810 adeo
1472 2741 1951 2838 negligenter
1983 2764 2072 2814 ex
2090 2745 2393 2819 Ouden-

190 2856 576 2951 -dorpiauis
639 2872 1008 2953 excerptae
1066 2873 1290 2949 sunt,
1363 2875 1474 2932 ut·
1515 2863 1737 2935 valde
1795 2869 2209 2939 erraverint
2273 2893 2391 2941 re·

198 2982 561 3052 centiores
595 2982 981 3072 nonnulli,
1014 2979 1148 3075 qui
1178 2981 1393 3054 exiis
1425 3006 1599 3055 sues
1630 2984 2176 3063 hauserunt31).
2234 2992 2392 3063 No-
2441 2985 2450 2992 ⁸

193 3117 341 3193 tae,
425 3126 612 3197 quas
669 3104 834 3199 ipse
906 3103 1221 3191 adiecit,
1256 3083 1267 3094 „
1311 3125 1511 3200 saepe
1576 3109 1808 3179 utiles
1869 3132 2069 3202 esse,
2155 3135 2390 3186 nemo

197 3226 513 3323 ignoret.

206 3345 209 3350 ”
442 3341 672 3413 Corui
720 3341 1054 3415 editione
1094 3344 1434 3419 Parisino
1480 3371 1525 3419 a
1572 3349 1673 3423 Ν.
1706 3352 1795 3426 L.
1837 3357 2256 3432 Achaintre
2306 3374 2388 3432 et

204 3464 298 3539 N·
334 3464 422 3541 Ε.
457 3465 798 3537 Lemaire
834 3473 1225 3558 1819-22,
1264 3482 1318 3552 4
1346 3471 1535 3545 Voll.
1572 3484 1647 3563 8,
1704 3494 2007 3564 cureta3
2060 3481 2189 3552 sed
2224 3501 2385 3552 non

202 3607 556 3681 magnum
589 3590 755 3659 eius
789 3588 1251 3663 desiderium
1289 3594 1486 3667 mihi
1514 3616 1916 3673 moverunt
1951 3623 2083 3691 ea,
2124 3624 2295 3695 quae
2337 3625 2385 3676 a

158 3710 167 3717 ’
205 3710 562 3797 Censore,
623 3711 784 3782 viro
831 3711 1160 3815 histori?
1196 3717 1502 3789 Caesaris
1543 3722 1819 3793 criticae
1865 3724 2128 3817 utique
2181 3727 2383 3818 peri-

309 3992 395 4062 3ο)
466 3989 588 4046 Cfr.
616 3999 806 4049 temen
831 4003 1027 4051 notam
1050 4014 1239 4053 meam
1262 3998 1335 4055 ad
1355 4000 1424 4055 Β.
1454 4002 1526 4057 G.
1550 4008 1615 4071 8,
1646 4010 1719 4067 43
1741 4022 1867 4077 peg-
1894 4008 2016 4064 460·

306 4084 391 4154 31)
462 4083 769 4142 Oberlinus
807 4087 926 4162 ipse
950 4090 1195 4163 inspexit
1234 4090 1362 4146 edit.
1387 4093 1696 4148 Mediolon.
1730 4110 1783 4145 a.
1822 4092 1984 4151 14785
2017 4082 2114 4139 sed
2137 4100 2265 4143 eam
2288 4087 2381 4149 bia

450 4175 624 4230 modo
669 4178 742 4233 ab
768 4189 853 4234 eo·
875 4179 1159 4237 laudatam
1182 4182 1403 4256 reperi,
1456 4184 1522 4237 B.
1555 4183 1628 4236 G·
1664 4189 1727 4243 7,
1776 4182 1850 4235 64
1882 4187 2008 4246 Ρῧῧ·
2035 4178 2168 4262 28ὅί
2203 4184 2274 4253 '71
2302 4189 2380 4246 71

452 4284 581 4340 Pas·
603 4275 728 4338 291·
