2859 4700
1983 162 1992 199 1

1503 182 1627 279 12

465 397 790 479 riantur.
868 392 1189 467 *Harum
1236 389 1528 486 aliquot
1563 390 1919 489 exempla
1959 415 2049 465 ex
2081 394 2377 467 Comm.
2419 390 2514 465 de
2563 388 2651 467 B.

467 522 553 599 C.
589 528 938 617 excerpta
951 562 978 610 ,
1031 515 1230 589 infra
1259 515 1599 589 afferam.

731 700 805 776 5:
856 693 1379 787 Scaliger-anus
1423 714 1470 764 a
1519 691 1895 786 Dionysio
1955 682 2217 764 Vossio
2280 712 2463 762 cum
2518 686 2642 767 ed.

460 816 940 894 Flaminiana
992 810 1386 911 (Antverp.
1419 821 1650 903 1574)
1702 815 2062 904 collatuS,
2129 834 2399 886 omnes
2442 816 2648 885 com-'-

460 940 873 1033 mentatios
900 938 1179 1025 habet3
1235 939 1612 1034 excerptis
1637 939 1828 1026 eius»,
1855 959 2026 1030 quae
2058 936 2143 1008 in
2174 932 2646 1033 bibliotheca

457 1060 821 1134 Leidensi
877 1073 1271 1133 servantur
1292 1107 1318 1151 ,
1379 1082 1566 1133 usus
1606 1074 1724 1133 est
1768 1059 2115 1132 Oudend.
2171 1060 2417 1147 <Px-ees.
2470 1080 2640 1155 pag.

455 1183 702 1271 VIII).
804 1181 1100 1258 Mirum
1123 1199 1242 1256 est
1270 1195 1574 1275 autem,
1642 1180 2308 1276 Oudendorpium,
2377 1181 2514 1274 qui
2558 1179 2637 1251 h.

451 1302 512 1383 1.
544 1304 791 1397 dicat,
840 1306 1181 1378 codicem
1217 1328 1263 1378 a
1296 1308 1395 1382 D.
1420 1306 1687 1382 Vossio
1724 1303 2090 1377 collatum
2122 1326 2282 1375 esse
2312 1304 2636 1400 Scalige-

453 1450 771 1517 tanum,
823 1442 904 1500 et
946 1428 1045 1501 ad
1071 1432 1154 1509 B.
1198 1427 1296 1500 G.
1326 1439 1424 1523 3,
1483 1440 1621 1520 14,
1677 1432 1727 1512 6
1782 1429 1959 1506 coll.
2011 1429 2222 1504 Voss.
2266 1427 2425 1500 sive
2463 1427 2642 1504 cod.

455 1552 648 1626 scal.
669 1563 1235 1634 commemoret,
1250 1550 1334 1618 in
1350 1551 1565 1625 Proef.
1580 1572 1754 1643 pag.
1782 1552 2033 1621 XVIII
2048 1550 2317 1636 dicere,
2339 1542 2435 1623 D.
2454 1551 2639 1619 Vos-

449 1671 655 1741 eium
691 1667 1247 1740 observationes
1294 1690 1468 1738 suas
1512 1668 1609 1740 ad
1653 1668 1870 1743 MSS.
1932 1667 2243 1738 Gruteri
2284 1672 2634 1742 collecta·

447 1809 819 1879 meorum,
870 1790 1330 1887 Scaligerani
1359 1803 1443 1860 et
1470 1788 1597 1862 sui
1628 1787 1902 1860 codicis
1932 1787 2166 1859 fidem
2197 1793 2637 1869 confecisse.

320 1894 329 1899 ’
448 1914 849 2008 Quantum
881 1913 1241 2005 equidem
1278 1913 1459 2002 scio,
1496 1911 1803 1984 Vossius
1831 1926 2101 2005 praeter
2133 1911 2437 1983 Gruteri
2474 1915 2630 1986 col-

448 2035 774 2107 lationes
820 2058 1066 2107 unum
1109 2034 1337 2107 modo
1385 2034 1732 2107 codicem
1777 2034 2094 2125 habuit,
2148 2034 2280 2130 qui
2316 2034 2629 2127 quidem

446 2157 977 2258 Scaligeranus
1005 2157 1237 2232 fuisse
1264 2158 1590 2240 videtur.

714 2358 789 2438 6.
839 2356 1195 2449 Sequitur
1228 2356 1674 2434 &ciac-‘ianus
1715 2356 1874 2431 sive
1916 2357 2077 2453 poti
2086 2378 2173 2429 us
2203 2370 2549 2453 excerpta
2583 2381 2638 2430 a.

442 2474 764 2551 Cuiacio
796 2498 890 2549 ex
922 2478 1178 2571 aliquo
1208 2479 1470 2554 codice
1499 2482 1724 2558 facta.
1829 2483 1953 2554 De
1972 2479 2095 2552 his
2130 2479 2236 2551 ita
2252 2479 2630 2551 Gruterus*

442 2600 532 2675 :in
568 2602 816 2675 fronte
846 2602 1273 2678 Fabriciani
1324 2618 1400 2675 et
1448 2606 1531 2676 in
1563 2604 1758 2683 Oud.
1800 2606 2015 2682 Praef.
2070 2628 2146 2700 p.
2178 2583 2335 2677 IX}
2386 2598 2634 2688 ”Prae-

440 2734 652 2792 terea
687 2725 992 2796 enotavi
1022 2747 1067 2793 e
1103 2707 1393 2798 Cuiacii
1421 2727 1701 2796 Codice
1732 2732 1973 2819 varias
2010 2730 2399 2816 lectiones,
2445 2749 2625 2819 quas

440 2864 490 2912 e
524 2840 691 2918 MS.
742 2840 837 2913 ad
877 2862 1089 2912 oram
1121 2845 1241 2915 sui
1289 2858 1622 2934 notarat,
1674 2848 1863 2916 item
1894 2847 2457 2918 emendationes
2492 2853 2628 2920 ali-

437 2983 625 3057 quas
654 2961 895 3056 ipsius
925 2985 1071 3037 nec
1098 2986 1256 3035 non
1284 2965 1815 3059 expositiones.
1915 2967 2093 3038 Erat
2119 2984 2381 3039 autem
2409 2963 2625 3044 idem

428 3084 633 3161 liber
679 3084 1073 3184 Bongarsii
1118 3108 1426 3182 quoque
1477 3082 1859 3185 [mihique
1889 3088 2200 3182 reliquit
2211 3083 2416 3186 ἶ13)],”
2504 3092 2630 3165 Ex

433 3202 562 3283 his
590 3207 772 3280 satis
805 3229 1170 3305 apparere
1210 3208 1552 3303 videtur,
1619 3211 2040 3287 Gruterum
2087 3230 2405 3292 nactum
2455 3243 2621 3294 esse

432 3328 854 3402 editionem
914 3331 1248 3426 aliquam
1308 3335 1594 3407 horum
1656 3341 2376 3416 commentariorum
2395 3395 2421 3439 ,
2492 3345 2623 3421 cui

431 3453 789 3526 Cuiacius
837 3451 1082 3527 varias
1108 3454 1515 3550 scripturas
1543 3455 1822 3530 codicis
1856 3459 2175 3533 alicuius
2208 3465 2620 3563 adscripse-

427 3589 594 3660 ταῖς
640 3573 775 3647 sed
802 3596 898 3648 ex
928 3575 1373 3651 Fabriciano
1402 3589 1638 3673 patet,
1691 3581 1898 3655 hunc
1931 3582 2268 3657 codicem
2298 3592 2618 3662 minime

434 3695 792 3768 omnibus
839 3696 1025 3772 locis
1070 3700 1506 3794 inspectum
1541 3701 1822 3802 fuisse,
1874 3720 1965 3778 ut
2005 3708 2389 3804 plerisque
2427 3714 2613 3783 locis

430 3821 819 3925 scripturae
853 3822 1015 3892 eius
1052 3822 1516 3918 ignorentur.
1627 3827 1983 3900 Ceterum
2020 3831 2149 3900 hic
2180 3831 2442 3915 codex,
2476 3831 2608 3921 qui

323 3969 339 3984 “
428 3962 699 4013 ornnes
725 3947 1301 4016 commentarios
1332 3945 1639 4036 habuit,
1691 3947 1872 4021 licet
1911 3950 2004 4021 ad
2039 3961 2408 4020 extremos
2439 3974 2609 4044 per-

543 4178 636 4250 13)
702 4179 976 4239 Extrema
998 4182 1176 4242 verba
1201 4182 1265 4241 in
1286 4182 1624 4244 Fabriciano
1644 4203 1768 4244 non
1789 4185 2074 4257 legantur.
