2859 4700
1512 157 1635 245 46

483 362 813 449 tissimo,
867 365 1154 434 monita
1185 365 1338 461 legi
1366 365 1451 435 in
1486 364 1765 437 Diariis
1800 366 2185 440 Literariis
2221 371 2687 475 Viennensi·
2809 446 2810 453 ἵ

487 486 671 569 bue,
742 484 904 561 vol.
959 492 1060 566 27
1106 490 1207 574 (a.
1250 491 1483 573 1824)
1517 510 1689 584 pag.
1729 497 1978 578 1-25,
2057 505 2138 561 et
2169 514 2338 585 quae
2373 498 2688 566 Daehne
2809 464 2810 509 ἦ

366 646 381 659 -
480 605 733 676 attulit
768 604 849 677 in
885 609 1096 681 Praef.
1128 631 1198 702 p.
1231 611 1359 682 IV.
1467 611 1767 682 Etenim
1801 635 1841 682 a
1877 612 2159 721 criti-co,
2218 620 2348 707 qui
2385 619 2511 690 vix
2543 643 2688 689 su—

480 750 702 800 orum
733 730 1083 804 codicum
1124 753 1536 805 numerum
1585 736 1797 806 novit
1840 735 1976 828 (ad
2008 740 2088 813 B.
2124 738 2209 808 G.
2239 746 2330 824 7,
2390 748 2480 819 15
2522 743 2689 812 ait:

483 853 566 925 in
623 854 913 925 nostris
976 857 1196 926 codd.
1271 859 1440 927 RR.
1515 881 1690 950 pro
1700 879 1811 951 pe
1876 860 2045 932 XII
2085 883 2384 932 numero
2450 866 2687 955 ceu),

479 975 681 1049 nihil
729 999 1189 1072 magnopere
1238 982 1654 1071 exspectari
1697 996 1971 1074 potest.
2091 983 2364 1055 Videor
2402 999 2693 1059 autem

481 1099 678 1169 mihi
708 1121 1057 1192 errasse,
1087 1101 1290 1193 quod
1328 1104 1688 1201 Herzogii
1738 1121 1815 1176 et
1867 1104 2688 1195 Daehniifauctoritate

480 1220 581 1294 ad
609 1223 1105 1303 Lemaireum
1154 1226 1636 1320 potissimum
1690 1226 1892 1302 hane
1939 1229 2352 1300 editionem
2412 1231 2679 1318 retuli,

480 1368 725 1439 quum
761 1359 841 1416 et
868 1348 1152 1418 Censor
1172 1347 1333 1438 ille,
1359 1372 1589 1442 quem
1618 1353 2227 1440 commemoravi,
2264 1367 2340 1423 et
2358 1352 2668 1425 Schnei-

476 1470 622 1540 der
671 1470 966 1564 (Progr.
1011 1492 1087 1561 p.
1136 1471 1221 1560 1)
1266 1475 1796 1544 Achaintrium
1855 1476 2224 1545 editorem
2275 1478 2508 1547 fuisse
2558 1475 2683 1546 di-

483 1605 676 1662 cant.
808 1589 1067 1656 Nihilo
1117 1601 1379 1653 tamen
1426 1591 1721 1673 minue,
1786 1614 1886 1658 ne
1936 1616 2221 1662 errores
2264 1601 2680 1685 orirentur,

482 1706 773 1781 codices
821 1705 916 1773 ab
952 1724 1041 1771 eo
1074 1701 1387 1776 collatos
1417 1705 1842 1774 Lemaz‘reos
1869 1711 2153 1784 vocavi.

746 1881 944 1950 Usus
973 1896 1146 1952 sum
1191 1892 1450 1951 autem
1495 1877 1823 1952 editione
1852 1881 1916 1958 Ι.
1954 1883 2036 1960 Β.
2075 1882 2309 1954 Giani
2325 1929 2350 1971 ,
2406 1888 2677 1960 Medi..

481 2003 689 2078 olani
742 2013 981 2092 1820,
1032 2015 1082 2086 3
1111 2001 1304 2074 Voll.
1352 2013 1446 2085 83
1496 2003 1627 2073 sed
1668 1974 2291 2099 temporissquod
2320 2007 2435 2077 illi
2483 2030 2677 2073 con-

478 2129 811 2203 ferendae
844 2128 1227 2225 impendi,
1278 2127 1438 2197 fere
1477 2129 1843 2223 poenitet.
1950 2131 2313 2201 Secutum
2355 2149 2434 2196 se
2488 2127 2675 2196 scri-'

478 2254 597 2325 bit
626 2256 738 2341 (in
784 2255 991 2345 praef.
1031 2272 1197 2345 pag.
1235 2251 1374 2333 VI)
1412 2250 1808 2320 Hermolai
1855 2251 2157 2323 Albritii
2206 2250 2617 2319 editionem
2642 2294 2670 2335 ,

481 2376 650 2460 sed,
707 2374 1069 2446 consultis
1114 2370 1353 2441 tribus
1388 2370 1872 2446 Bibliothecae
1906 2374 2416 2443 Ambrosianae
2452 2373 2674 2444 Codi-

481 2497 696 2569 cibus
744 2512 824 2567 et
871 2493 1388 2588 Oudendorpii
1422 2494 1800 2586 editione,
1855 2519 1979 2566 eas
2032 2497 2441 2584 lectiones,
2497 2518 2671 2589 quae

481 2622 786 2711 optimae
807 2622 1267 2705 viderentur,
1304 2617 1725 2712 arripuisse.
1835 2619 2147 2691 Codices
2176 2632 2459 2707 autem,
2498 2621 2669 2712 qui·

478 2741 620 2811 bus
668 2765 749 2809 se
795 2765 1022 2810 usum
1070 2764 1229 2808 esse
1276 2740 1575 2825 scribit,
1671 2742 1909 2809 semel
1984 2742 2518 2814 tantummodo
2583 2742 2670 2811 in

483 2865 777 2937 Comm.
827 2862 921 2931 de
977 2863 1058 2935 B.
1111 2858 1203 2929 G.
1262 2847 1894 2930 commemoratos
1943 2863 2230 2954 reperi,
2291 2865 2386 2935 ad
2424 2879 2506 2952 1,
2568 2874 2668 2946 18

481 2999 705 3071 extu,
761 2959 897 3053 ubi
942 2983 1429 3076 scripturam,
1504 3003 1669 3073 quae
1712 2959 2126 3055 ne'Latina
2174 2986 2480 3078 quidem
2516 2999 2664 3073 est,

481 3130 577 3179 ex
605 3106 694 3179 iis
723 3129 800 3177 se
833 3107 1245 3179 restituisse
1283 3104 1489 3181 dicit.
1601 3106 1895 3199 Quanta
1928 3109 2023 3179 sit
2056 3109 2338 3180 Latinae
2377 3108 2663 3205 linguae

480 3231 793 3327 peritia,
881 3231 1183 3303 abunde
1248 3228 1596 3302 ostendet
1655 3231 1821 3304 eius
1870 3232 2386 3329 interpretatio
2444 3233 2524 3306 Β.
2570 3230 2653 3300 C.

483 3368 571 3445 2,
626 3362 746 3441 29.

753 3549 1429 3625 Commemoranda
1463 3549 1738 3622 deinde
1787 3564 1899 3622 est
1934 3550 2164 3623 editio
2228 3556 2303 3632 0.
2341 3554 2433 3630 G.
2473 3549 2654 3624 Her-

479 3679 727 3770 zogii:
783 3678 1070 3750 Comm.
1118 3677 1210 3748 de
1239 3678 1322 3752 Β.
1358 3675 1490 3761 G„
1543 3674 2078 3770 grammatisch
2130 3700 2204 3751 u.
2253 3671 2657 3747 historisch

484 3800 798 3886 erklart,
869 3798 1139 3890 Lipsiae
1189 3808 1426 3883 1825,
1494 3806 1568 3877 8.
1710 3799 2238 3895 Typographis
2300 3798 2662 3869 traditum

482 3926 634 3994 fuit
690 3922 1127 4015 exemplum
1179 3938 1312 3993 aut
1357 3922 1560 3992 Mori
1631 3934 1761 3990 aut
1808 3924 2229 4013 Bipontinae
2276 3920 2654 4006 editionis,

479 4048 785 4116 mutatis
819 4069 984 4137 quae
1005 4046 1365 4116 mutanda
1402 4043 1874 4113 videbantur.
1948 4041 2096 4112 Ubi
2116 4044 2459 4113 criticum
2480 4042 2653 4137 agit,

479 4165 638 4234 fere
659 4187 957 4259 semper
991 4170 1251 4242 infelix
1288 4184 1445 4251 est3
1496 4169 1578 4238 in
1616 4188 1888 4265 magna
1920 4137 2175 4237 autem
2215 4165 2655 4237 observatio-
