2859 4700
1391 208 1454 298 3

340 439 511 487 vere
542 436 635 487 ex
664 415 874 487 libris
898 410 1269 489 Gudi‘anis
1301 414 1667 488 lectiones
1707 414 2074 491 Codicum
2089 415 2307 495 MSS.
2341 420 2514 515 plus

332 561 562 631 quam
610 539 897 611 decem.
998 540 1228 610 Hunc
1263 539 1549 610 librum
1582 534 1845 633 postea
1886 539 2200 613 Davisio
2233 542 2513 617 Secun-

330 663 460 734 das
490 664 728 732 Cures
764 663 1273 755 conscripturo
1306 676 1384 732 et
1427 659 1700 732 deinde
1734 659 2274 756 Oudendorpio
2302 687 2514 740 com-

326 785 763 855 modaverat
781 779 857 861 2),
958 785 1395 856 Pervenisse
1446 796 1705 854 autem
1750 782 1958 853 hunc
2002 785 2286 860 librum
2329 810 2512 861 cum

324 909 621 978 ceteris
644 910 812 980 eius
863 909 1161 1004 generis
1201 905 1412 979 libris
1464 904 1922 979 Fabricianis
1973 905 2058 978 in
2095 908 2512 982 bibliothe-

323 1052 491 1101 cam
523 1032 862 1102 Univers.
893 1030 1133 1104 Havn.
1181 1029 1335 1099 iam
1379 1044 1569 1099 tunc
1620 1028 1996 1122 sciebam,
2051 1050 2293 1121 quum
2347 1032 2517 1105 edi-

319 1152 612 1223 tionem
663 1152 1405 1224 Commentariorum
1476 1151 1571 1224 de
1627 1153 1716 1224 Β.
1783 1150 1874 1226 G.
1924 1174 2313 1237 curarem3
2374 1154 2518 1229 sed

319 1295 560 1365 quum
589 1274 1245 1346 ceterisomnibus
1285 1273 1703 1359 crederem,
1740 1272 2281 1366 Oudendorpio
2308 1298 2510 1349 sum..

323 1392 535 1462 mam
575 1393 808 1463 fidem
844 1416 1005 1463 esse
1032 1393 1494 1482 habendam,
1561 1391 1838 1462 inutile
1867 1391 2270 1464 videbatur
2295 1393 2512 1471 hunc

320 1513 602 1585 librum
658 1515 943 1587 iterum
992 1516 1352 1593 conferre.
1473 1516 1747 1589 Postea
1801 1525 2063 1583 autem
2130 1534 2363 1608 quam
2419 1520 2504 1592 in

314 1636 471 1708 iilis
518 1638 1081 1709 commentariis
1142 1628 1456 1709 edendis
1501 1635 1960 1725 didiceram,
2029 1658 2189 1710 non
2275 1641 2516 1714 nimis

314 1760 862 1833 confidendum
910 1783 1073 1832 esse
1111 1759 1693 1852 Oudendorpio,
1760 1758 1957 1830 libro
1981 1759 2122 1831 illo
2154 1762 2270 1833 uti
2307 1763 2516 1838 desi-f

312 1881 667 1954 derabam
686 1930 710 1972 ,
802 1906 1135 1976 eumque
1174 1884 1532 1977 precibus
1560 1881 1754 1952 meis
1781 1896 2314 1957 concesserunt
2344 1886 2514 1960 cla·-

310 2006 586 2079 tissimi
625 2007 816 2077 Bibl.
862 2008 1078 2081 UniV.
1109 2007 1355 2079 Havn.
1393 2005 1757 2098 praefecti.
1857 2005 2334 2100 Magnopere
2359 2031 2508 2082 eu-

314 2137 475 2193 tem
524 2126 896 2212 mirabar,
966 2125 1155 2216 quid
1190 2125 1338 2223 sibi
1384 2124 1680 2194 vellent
1727 2143 1858 2211 ea,
1889 2145 2080 2215 -quae
2113 2130 2196 2198 in
2224 2131 2504 2222 Kreys-
2609 2186 2632 2197 ,

314 2245 488 2342 sigii
542 2247 989 2321 Praefatione
1052 2251 1165 2338 (Ρ.
1208 2241 1381 2339 ΙΙΙ.)
1459 2244 1930 2318 dicerenture
2008 2242 2499 2325 ''Oudendor-

306 2370 526 2464 pium
604 2371 983 2464 permulta
1046 2370 1321 2441 futuris
1385 2369 2113 2442 commentariorum
2187 2375 2518 2450 Caesarie-

306 2494 720 2565 editoribus
767 2493 1233 2566 retractanda
1278 2507 1509 2583 atque
1558 2490 2028 2564 emendanda
2072 2494 2498 2590 reliquisse,

308 2615 435 2684 vel
481 2638 574 2684 ex
607 2615 698 2684 iis
750 2615 1246 2708 intelligitur,
1313 2631 1484 2701 quae
1530 2612 1916 2704 Spohnius
1952 2613 2307 2688 editionis
2340 2624 2497 2692 Da·

310 2735 614 2807 visianae
660 2734 1010 2829 exemplo
1084 2729 1507 2805 multorum
1563 2734 1914 2808 codicum
1960 2736 2496 2815 collationibus

303 2858 628 2945 referto,
721 2858 924 2951 quod
1016 2857 1722 2953 ab‘Oudendorpio
1786 2859 2074 2935 Praefat.
2126 2882 2200 2954 p.
2239 2870 2303 2949 '9
2371 2865 2492 2942 ed.

302 2981 682 3078 Stutgard.
738 2982 1203 3075 descriptum
1233 2994 1392 3069 est,
1448 3016 1551 3035 —-
1599 2983 1811 3055 hunc
1838 2982 1921 3052 in
1952 2983 2269 3054 modum
2300 3006 2491 3078 prae-

299 3105 631 3198 scripsit:
719 3105 841 3174 Ex
905 3106 1046 3176 hoc
1108 3106 1302 3175 libro
1358 3103 1722 3173 Davisius
1785 3116 1862 3173 et
1931 3107 2494 3200 Oudendorpius

296 3227 552 3299 varias
602 3226 949 3296 lectiones
982 3246 1155 3293 suas
1188 3225 1783 3314 depromserunt3
1844 3223 1978 3293 sed
2024 3224 2210 3297 adeo
2255 3230 2490 3318 negli-

298 3359 558 3440 genter
573 3392 596 3436 ,
664 3357 749 3414 ut
792 3344 952 3415 sine
983 3343 1125 3416 hoc
1161 3329 1354 3416 libro
1383 3343 1594 3414 nulla
1620 3340 1726 3413 sit
1752 3325 2068 3426 illarum¹
2085 3348 2493 3425 editionum

279 3467 515 3565 fides,
551 3468 798 3540 nullus
821 3490 1020 3539 usus.
1072 3467 1212 3538 His
1232 3464 1450 3553 adde,
1473 3487 1643 3557 quae
1673 3485 1771 3535 ex
1805 3467 2130 3561 Spohnii
2170 3471 2489 3565 epistola

298 3588 396 3660 de‘
430 3589 690 3659 eadem
719 3613 796 3659 re
818 3589 912 3661 ad
932 3589 1259 3659 amicum
1282 3587 1550 3681 scripta
1581 3587 1899 3681 protulit
1915 3590 2387 3683 Seyffarthus
2402 3598 2486 3668 in

566 3773 754 3818 torum
770 3804 786 3831 ,
836 3763 908 3816 ad
943 3765 1098 3820 cuius
1134 3764 1398 3818 ordinem
1430 3761 1493 3817 hi
1530 3760 1665 3816 libri
1703 3763 1766 3816 in
1800 3763 1946 3818 Bibl.
1989 3766 2254 3823 Univers.
2293 3771 2482 3824 Havn.

562 3863 868 3911 servantur
884 3895 898 3921 ,
942 3855 1226 3926 reperitur
1263 3872 1391 3928 pag.
1425 3862 1532 3915 202
1557 3854 1664 3908 No.
1687 3851 1790 3918 460*
1847 3856 1917 3911 In
1941 3854 2133 3912 fronte
2159 3859 2324 3912 huius
2348 3858 2484 3912 libri

559 3946 734 4019 ipsius
760 3945 1007 4000 Fabricii
1028 3963 1202 4001 manu
1218 3988 1233 4013 ,
1265 3964 1388 4018 quae
1417 3944 1558 3998 mihi
1579 3962 1646 3999 ex
1671 3946 1863 4002 multis
1886 3947 2005 4002 aliis
2028 3948 2146 4002 eius
2168 3946 2343 4012 libris,
2383 3950 2484 4019 qui

565 4038 800 4092 Havniae
842 4047 1002 4105 sunt,
1051 4036 1179 4092 satis
1231 4017 1365 4091 nota
1402 4045 1512 4104 est,
1575 4038 1851 4112 scriptum
1889 4037 2090 4106 legitur
2125 4038 2214 4090 Jo.
2254 4036 2482 4094 alberti

564 4129 846 4185 Fabricii.
887 4135 1042 4192 1708.

433 4211 489 4289 τί)
560 4220 815 4276 Oudend.
842 4220 1006 4275 Praef.
1029 4237 1154 4294 pag.
1180 4220 1313 4277 VIII
1334 4237 1454 4293 sqq.
1484 4219 1568 4274 ed.
1598 4221 1776 4289 Stutg.

1829 4325 1918 4403 1*

2633 3683 2680 3702 ae
