2859 4700
1508 134 1633 239 84

476 346 951 443 revsrtitur);
1032 342 1311 414 milites
1372 343 1769 443 legionarii
1817 349 2346 429 tautummodo
2392 375 2669 446 seque·

439 472 797 558 ‘bantur,
852 480 934 537 ut
975 464 1107 556 iis,
1160 465 1224 536 si
1258 486 1447 559 opus
1481 481 1714 556 esset,
1771 471 2138 543 auxilium
2174 473 2482 546 ferrent.

738 837 955 927 II,‘4,
1002 842 1089 914 4ῐ
1184 836 1568 908 Communi
1608 835 1803 906 enim
1832 836 1951 933 fit
1979 837 2167 906 vitio
2201 851 2534 924 naturae,
2577 853 2670 908 ut
2707 923 2726 940 ο

475 957 863 1045 invisis,
961 957 1615 1031 latitantibus
1674 970 1901 1052 atque
1960 959 2370 1049 incognitis
2435 965 2666 1043 rebus

470 1080 711 1172 magis
743 1077 1200 1177 confidamus
1228 1082 1860 1172 vehementiusque
1887 1095 2400 1155 exterreamur.

741 1202 865 1271 Sic
919 1201 1132 1290 Ald.,
1204 1205 1295 1275 R.
1348 1203 1659 1295 steph,
1728 1203 2072 1290 Manum,
2147 1203 2372 1299 Scal.,
2440 1199 2637 1271 Oud.

471 1342 671 1413 sqq-3
739 1322 904 1393 edd.
932 1325 1153 1417 prim.
1192 1341 1270 1396 et
1297 1328 1484 1396 Ven.
1524 1332 1715 1406 1511
1749 1326 2013 1399 invisis
2043 1323 2649 1410 latitantibusque
2685 1414 2694 1435 Ι

470 1460 691 1537 atque
725 1446 869 1519 inc.
897 1449 1141 1518 rebus.
1213 1449 1443 1524 Dion.
1479 1450 1781 1518 Vossius
1814 1470 1970 1517 non
2003 1448 2163 1518 sine
2203 1465 2458 1519 caussa
2489 1442 2661 1510 haec

470 1566 701 1635 verba
733 1565 878 1633 sibi
909 1581 1253 1654 suspecta
1292 1589 1454 1634 esse
1508 1567 1964 1660 significavit
1991 1580 2070 1635 et
2101 1573 2343 1638 vereri
2380 1590 2457 1637 se
2485 1611 2508 1652 ,
2561 1585 2668 1633 ne

470 1682 657 1773 quid
694 1705 738 1750 a
770 1681 1076 1750 librario
1110 1682 1549 1773 irrepsisset.
1657 1685 2011 1755 Davisius
2049 1699 2306 1754 autem
2342 1689 2488 1756 hoc
2521 1687 2676 1757 mi-

466 1817 715 1888 ratur,
764 1810 1045 1890 vquurn
1076 1802 1404 1894 optimos
1439 1802 1835 1895 scriptores
1871 1803 2087 1894 plura
2121 1804 2283 1871 fere
2322 1812 2675 1899 συνώνυμα

471 1920 946 1998 coniunxisse
984 1923 1276 1997 nemini
1304 1921 1605 2002 lateat.”
1706 1927 1823 1997 Re
1853 1924 2111 2022 igitur,
2162 1946 2396 2015 quam
2429 1946 2680 1996 nemo

468 2048 811 2143 ignorat,
875 2047 1134 2138 paucis
1178 2046 1547 2140 exemplis
1606 2046 1961 2139 probata,
2033 2044 2288 2115 locum
2323 2046 2502 2114 satis
2537 2067 2673 2116 ex-

467 2172 840 2265 plicatum
889 2190 1049 2239 esse
1094 2167 1403 2241 credere
1459 2167 1778 2247 videtur.
1880 2166 2058 2255 Sed,
2110 2188 2193 2236 re
2236 2169 2665 2238 accuratius

468 2313 880 2390 perpensa,
948 2291 1174 2363 facile
1222 2290 1655 2383 apparebit,
1699 2292 1807 2363 ita
1849 2266 2221 2362 Caesarern
2252 2311 2503 2381 neque
2528 2313 2649 2383 po·

471 2413 707 2481 tuisse
755 2411 1099 2484 scribere·
1141 2433 1393 2503 neque
1446 2413 1841 2505 'scripsisse-
1946 2413 2511 2486 Primum‘enim
2532 2414 2635 2481 in·
2737 2453 2750 2460 -

464 2535 652 2606 visoe
680 2559 802 2607 res
846 2550 1027 2606 sunt
1072 2557 1192 2605 res
1222 2556 1379 2604 non
1408 2533 1629 2619 visae,
1680 2534 1808 2606 sed
1827 2581 1851 2624 ,
1905 2525 2112 2627 quod
2144 2534 2226 2606 in
2253 2532 2654 2606 vernacuio

473 2657 805 2749 quodam
863 2658 1266 2750 proverbio
1321 2657 1642 2747 dicitur,
1712 2681 1868 2728 non
1901 2659 2274 2731 afficimur
2301 2657 2427 2743 iis,
2487 2676 2657 2747 quae

473 2787 635 2847 ‘non
696 2776 1060 2847 videmus.
1190 2778 1379 2848 Tale
1429 2781 1612 2869 quid
1659 2781 1973 2852 sensisse
2027 2780 2321 2851 videtur
2352 2783 2661 2864 BrutuS,

475 2918 720 2990 quum
770 2898 1049 2969 codicis
1098 2898 1378 2974 Carrar.
1427 2899 1875 2992 scripturam
1908 2903 2295 2990 immissi-5,
2345 2902 2665 2971 latitan-

469 3021 685 3094 tibus
734 3032 957 3112 atque
1004 3023 1297 3113 incogn.
1322 3034 1460 3102 cet.
1499 3023 1898 3116 probaret,
1950 3043 2111 3096 esse
2146 3025 2343 3095 enim
2376 3022 2667 3094 immit-

472 3158 632 3216 tere
684 3144 924 3214 invito
981 3144 1380 3215 et'nolenti
1418 3148 1617 3217 ultro
1658 3149 1927 3219 offerre
1963 3163 2189 3239 atque
2229 3145 2660 3216 obtrudere.

472 3268 704 3340 Recte
754 3267 1067 3357 quidem
1113 3268 1467 3337 Davisius
1522 3270 1867 3355 monuit,
1933 3268 2136 3340 hanc
2167 3270 2663 3367 significatio-

470 3412 655 3462 nem
690 3408 963 3481 parum
1000 3385 1161 3457 huc
1196 3392 1635 3477 convenire,
1688 3389 1819 3459 sed
1858 3390 2061 3478 quod
2090 3392 2196 3461 ait
2227 3415 2348 3463 res
2380 3392 2666 3464 invisas

467 3534 636 3581 esse
668 3523 887 3582 antea
913 3533 1057 3583 non
1087 3511 1291 3582 visas
1310 3554 1335 3596 ,
1389 3521 1480 3579 ut
1510 3510 1712 3601 apud
1737 3511 2048 3584 Florum
2076 3521 2155 3600 4,
2193 3524 2312 3600 12,
2351 3523 2449 3595 27
2466 3541 2486 3585 ε
2542 3515 2663 3583 in·

406 3685 413 3696 .
473 3633 712 3704 visum
737 3644 957 3723 atque
991 3633 1446 3708 inaccessum
1490 3632 1576 3704 in
1607 3634 1693 3704 id
1716 3647 1996 3730 tempus
2028 3635 2491 3729 Hercynium
2514 3640 2659 3709 sal·

472 3764 635 3824 tum
657 3748 1010 3847 patefecit
1039 3759 1428 3846 (Drusus),
1479 3778 1636 3828 non
1667 3756 1858 3830 vidit
1883 3760 2109 3831 verba
2145 3759 2229 3833 in
2260 3761 2347 3829 id
2376 3773 2665 3853 tempus

473 3897 634 3947 non
681 3876 937 3947 minus
967 3876 1061 3947 ad
1088 3879 1427 3976 ‘invisum
1461 3903 1692 3975 quam
1726 3882 2304 3956 adinaccessum
2332 3884 2668 3953 referen-

477 3999 572 4077 da
611 4019 797 4071 esse.
901 3979 1199 4073 Dein-de
1231 4025 1462 4076 nemo
1491 3995 1720 4077 facile
1747 4006 2061 4100 dixerit,
2119 4027 2471 4100 quaenam
2505 4004 2668 4073 sint

471 4147 593 4206 res
621 4125 1040 4212 latitantes,
1072 4128 1382 4203 latitare
1408 4130 1617 4207 enim
1649 4129 1999 4216 homiues
2032 4129 2182 4205 dici
2211 4127 2482 4215 solent,
2523 4126 2666 4218 qui
