2859 4700
1261 178 1389 273 95‘

244 402 468 474 dubii
495 397 590 465 13)
624 397 893 467 durius
925 389 1489 486 accipiebantur
1520 383 1610 453 14)
1624 408 1655 468 ,·
1706 387 2043 461 nonnulli
2075 387 2163 454 15)
2200 389 2426 458 etiam

247 525 490 614 abiis,
511 522 647 615 qui
680 516 1200 610 diligentiores
1229 513 1486 583 videri
1512 510 1876 597 volebant,
1890 508 2424 607 fingebantur.

511 855 633 943 11,
698 860 842 931 32,
921 859 1033 926 11.
1154 847 1659 938 Diligentiam
1706 845 2002 937 quidem
2069 853 2424 929 nostram,

239 989 376 1050 aut
412 998 630 1068 quem
664 971 1016 1066 adfinem
1048 971 1299 1041 adhuc
1330 991 1453 1039 res
1473 969 1862 1064 processit,
1887 962 2429 1062 fortunamque

240 1122 386 1175 cur
410 1110 868 1194 proeteream.

513 1217 635 1285 Sic
664 1215 1047 1306 pleraeque
1092 1212 1462 1283 editiones
1518 1212 1724 1296 (edd.
1773 1212 1992 1305 prim.
2036 1203 2131 1293 1),
2215 1206 2440 1312 Aldu·

246 1337 471 1422 ScaL,
482 1337 700 1413 Oud.
706 1341 766 1420 )‚
802 1357 1050 1424 neque
1085 1335 1280 1404 inter
1312 1354 1600 1403 veteres
1633 1335 1925 1404 criticos
1967 1351 2431 1422 quemquam

245 1458 601 1544 invenio,
685 1455 817 1546 qui
862 1478 941 1526 se
990 1455 1083 1525 de
1134 1455 1363 1537 huius
1412 1458 1801 1548 scripturae
1850 1456 2161 1523 veritate
2212 1451 2431 1522 dubi-

245 1596 441 1652 tasse
475 1581 850 1673 professus
883 1581 978 1648 sit
1078 1577 1417 1646 Clarkius
1453 1580 1741 1671 primus
1777 1575 2190 1668 adscripsit:
2244 1570 2454 1645 ”Po-‘

243 1704 524 1773 stulare
560 1702 852 1771 videtur
879 1701 1157 1794 linguae
1178 1700 1463 1768 Latinae
1495 1699 1708 1784 ratio,
1753 1714 1839 1767 ut
1873 1698 2217 1793 legamus
2255 1719 2430 1789 pro-

241 1821 620 1901 cesserit.''
726 1824 905 1892 Eius
938 1837 1135 1923 uotae
1164 1821 1326 1889 haec
1355 1819 1686 1891 subiecit
1732 1819 2117 1894 Oudend.:
2182 1820 2430 1890 ”Cave

236 1963 544 2038 tamen,
604 1946 788 2037 quid
831 1959 1122 2017 mutesz
1191 1965 1387 2033 saepe
1435 1958 1695 2011 contra
1733 1942 2431 2011 Grammaticorum

239 2068 585 2161 regulam
637 2067 719 2133 in
772 2063 896 2131 his
942 2076 1263 2131 utuntur
1308 2064 1670 2131 Auctores
1720 2059 2208 2130 Indicativo.”
2317 2062 2434 2132 si-

243 2188 457 2256 milia
503 2197 675 2278 post
727 2182 919 2261 Oud.
958 2182 1361 2253 Oberlinus
1412 2198 1491 2252 et
1525 2183 1819 2261 Daehue
1853 2182 2247 2268 dixerunt3
2298 2205 2433 2252 ne-

244 2330 393 2402 que
443 2306 829 2382 discedere
883 2304 1182 2398 videtur
1223 2304 1464 2393 Held,
1557 2304 1776 2376 cuius
1825 2304 2433 2380 observationem
2552 2361 2561 2376 ,

242 2452 371 2500 me
418 2454 576 2500 non
623 2429 802 2510 satis
852 2427 1283 2524 intelligere
1331 2430 1609 2499 fateor:
1663 2425 1847 2499 ”der
1878 2429 2050 2498 Satz
2084 2429 2179 2500 ist
2213 2432 2433 2506 nicht

245 2553 356 2621 als
408 2554 535 2621 ein
583 2551 906 2620 indirect
951 2550 1353 2644 fragender
1396 2573 1494 2618 zu
1544 2549 2033 2637 betrachten‚
2103 2531 2434 2640 sondern

248 2673 360 2740 als
395 2674 523 2741 ein
553 2672 1036 2756 Relativsat2‚
1095 2671 1228 2741 der
1270 2670 1397 2740 das
1436 2671 2031 2760 Substantivum,
2088 2675 2226 2744 auf
2253 2675 2435 2744 wel-

247 2792 430 2863 ches
486 2816 568 2863 er
614 2792 777 2862 sich
821 2793 1169 2878 bezieht,
1227 2795 1466 2865 durch
1499 2782 2037 2866 Attractiou'in
2068 2795 2234 2868 sich
2267 2798 2435 2867 auf-

242 2936 703 3012 genommen
758 2915 935 3003 hat,
1008 2914 1165 2986 und
1214 2940 1296 2988 so
1341 2918 1497 2989 viel
1546 2916 1912 2990 bedeutet
1960 2917 2111 2991 als:
2157 2909 2427 3016 finem,

238 3040 342 3108 ad
381 3062 599 3131 quem
630 3063 749 3111 res
772 3036 1208 3135 processit.”

353 3302 443 3370 13)
512 3300 605 3355 Sic
630 3302 821 3355 Petav.
846 3309 904 3354 et
936 3301 1167 3355 Norvic.
1186 3341 1201 3367 ,
1248 3299 1401 3373 quod
1439 3301 1556 3355 iam
1580 3300 1808 3357 Davisio
1837 3311 1892 3355 et
1915 3301 2062 3357 oud.
2091 3303 2317 3375 placuit.
2355 3333 2428 3351 -·

508 3391 699 3445 Havn.
725 3391 826 3458 A„
873 3391 1024 3446 Leid.
1052 3392 1251 3465 prim„
1289 3392 1487 3464 Scalig.
1505 3435 1519 3459 ‚
1582 3394 1795 3448 Lovan.
1825 3395 2035 3466 (habia,-
2093 3397 2255 3450 Voss.
2279 3398 2429 3450 dua-

511 3483 646 3550 bu33
686 3481 920 3537 Carrar.
949 3492 1005 3536 et
1042 3483 1163 3537 edd.
1188 3501 1386 3537 omnes
1409 3484 1601 3556 vulgo.

351 3572 442 3644 14)
510 3573 603 3628 Sic
639 3575 826 3629 Havn.
867 3575 938 3630 A.
953 3617 967 3641 ,
1016 3576 1205 3630 Petav.
1222 3616 1237 3641 ,
1284 3574 1437 3629 Leid.
1459 3575 1633 3648 prim.
1649 3616 1664 3641 ,
1700 3575 1897 3647 Scalig-
1912 3617 1926 3643 ,
1961 3577 2141 3644 Voss,
2180 3578 2434 3646 Nor-vic„

468 3714 474 3721 .
509 3664 704 3732 Palat„
738 3666 981 3721 Dorvill.
1004 3696 1077 3710 —-
1097 3666 1312 3721 Lovan.
1349 3668 1715 3739 accipiantur
1724 3693 1748 3737 ‚-
1812 3666 2047 3723 Cat-rar.
2088 3678 2146 3723 et
2186 3671 2310 3725 edd.
2353 3689 2426 3725 o-

505 3772 669 3810 mnes
710 3756 1086 3828 accipiebant.

345 3846 435 3918 15)
505 3845 596 3902 sic
631 3856 760 3902 octo
804 3846 992 3914 codd„
1042 3866 1184 3921 quos
1218 3866 1393 3923 supra
1430 3849 1761 3912 enumeravi
1786 3850 2032 3923 (Nox-vic.
2062 3849 2296 3906 sortasse
2324 3868 2425 3904 ex·-

507 3947 705 4012 ceptn‚
753 3938 822 3994 de
855 3938 1012 3993 cuius
1044 3940 1326 4012 scriptura
1352 3941 1542 3997 Davis-
1580 3945 1761 4015 tacet).
1788 3973 1860 3987 --
1882 3941 2428 4009 Lovan„Ca1-rar.,

512 4029 636 4083 edd.
665 4046 864 4084 omnes
886 4030 1184 4086 nonnulla.

379 4120 434 4191 1)
504 4120 652 4174 Nam
694 4121 847 4193 quod
887 4128 922 4182 4
961 4120 1121 4176 codd.
1159 4131 1215 4175 et
1256 4122 1378 4176 edd.
1431 4133 1560 4178 ante
1601 4126 1731 4181 Ald.
1770 4123 1982 4179 hahent
2029 4130 2274 4176 vestram
2314 4139 2424 4195 pro

508 4222 801 4279 nostram,
835 4211 1082 4283 vulgaris
1104 4231 1273 4268 error
1300 4223 1398 4269 est.
