2859 4700
1293 215 1416 302 63

252 422 491 499 Balbo
529 438 608 495 et
635 424 864 518 Iulia,
911 446 1162 496 sorore
1195 423 1275 500 C.
1314 416 1647 523 Caesaris,
1703 423 2043 520 genitam
2083 419 2425 517 (Sueten.

259 552 518 622 Octav.
559 559 614 629 4
641 549 773 625 cfr.
812 548 967 619 Cic.
1003 545 1333 640 Philipp.
1365 556 1414 624 3
1436 590 1460 633 ,
1514 546 1600 634 6,
1658 548 1799 629 163
1840 549 2017 618 Intt.
2050 547 2442 642 Liv.Epit.

260 674 407 751 116
436 695 514 764 p.
558 681 705 752 218
755 668 872 740 ed.
905 671 1233 765 Stutg.),
1328 689 1646 738 uxorem
1694 665 2023 739 duxisset
2073 682 2298 762 atque
2338 672 2444 742 ita

254 794 563 864 vitricus
606 802 801 863 esset
833 792 1213 863 Octaviani
1246 791 1596 876 (Sueten.
1632 789 1887 863 octav.
1930 801 2022 875 83
2073 793 2262 863 Vell.
2283 796 2444 871 Pat.

146 970 155 977 ,
257 924 330 1006 2,
383 921 482 1000 59
513 929 592 985 et
622 918 764 1000 603
842 914 1158 1008 Appian.
1190 915 1275 984 Β.
1312 913 1394 991 C.
1434 923 1528 999 3,
1605 925 1701 993 10
1731 925 1812 982 et
1848 923 1985 999 133
2056 912 2442 993 Plutarch.

259 1040 500 1114 Cicer.
536 1047 679 1121 443
732 1035 1025 1108 Nicolai
1051 1039 1404 1109 Damaso.
1445 1034 1540 1105 de
1559 1034 1728 1106 Vita
1764 1038 1955 1130 Aug.
1988 1056 2050 1112 c.
2086 1045 2135 1116 3
2155 1058 2325 1132 pag.
2346 1045 2452 1118 88

256 1181 366 1252 sq.
412 1175 490 1231 et
533 1182 599 1231 c.
642 1167 734 1239 15
763 1181 836 1251 p.
886 1169 1031 1238 112
1070 1157 1189 1230 ed.
1232 1155 1515 1253 oren.)-
1622 1157 1794 1230 Scio
1823 1155 2182 1249 equidem
2235 1158 2451 1233 Mas-

257 1302 531 1353 sonum
567 1280 774 1367 (Vita
808 1279 1020 1354 Ovid.
1054 1301 1175 1348 an.
1205 1282 1357 1359 767
1387 1301 1462 1371 p.
1505 1287 1649 1356 123
1689 1299 1798 1368 sq.
1832 1279 1951 1349 ed.
1982 1279 2347 1379 Fischer.)
2369 1292 2451 1350 et

265 1423 450 1473 cum
497 1422 588 1471 eo
646 1392 832 1469 alios
880 1402 1000 1485 (ut
1043 1398 1326 1494 Gierig.
1359 1397 1457 1470 ad
1498 1396 1710 1469 Ovid.
1753 1401 1952 1469 Fast.
1989 1400 2077 1494 6,
2134 1405 2318 1488 802)
2354 1420 2460 1477 ex,

272 1520 488 1598 Ovid.
529 1523 729 1593 Fast.
766 1522 888 1609 6,
927 1526 1077 1605 809
1117 1521 1291 1593 coll.
1345 1522 1656 1597 Sueten.
1705 1522 1966 1597 Octav.
2015 1542 2080 1592 c.
2125 1528 2224 1606 29
2274 1506 2490 1612 (ubi-

266 1643 413 1716 vid.
451 1646 669 1730 Intt.)
719 1642 1200 1732 contendere,
1252 1664 1410 1713 non
1441 1659 1761 1714 matrem
1799 1643 1929 1717 sed
1965 1657 2454 1720 materteram

263 1768 590 1862 Augusti
621 1782 946 1859 nuptam
975 1766 1209 1836 fuisse
1243 1767 1542 1841 Marcio
1582 1765 1943 1861 Philippo
1979 1764 2057 1844 1).
2161 1767 2312 1845 Sed
2360 1767 2453 1840 li-

260 1904 378 1960 cet
399 1892 561 1963 haec
588 1912 705 1960 res
721 1884 879 1959 non
895 1889 1194 1984 proprie
1228 1890 1322 1961 ad
1342 1892 1709 1960 Caesarem
1739 1889 2137 1983 pertineat,
2174 1912 2448 1983 quum,

255 2026 854 2103 utrumcumque
884 1996 1150 2082 verum
1184 2011 1304 2097 sit,
1360 2010 1812 2079 affinitatem
1848 2011 2050 2079 inter
2077 2013 2455 2085 Caesarem

260 2147 343 2201 et
392 2133 843 2222 Philippum
891 2129 1396 2199 intercessisse
1439 2141 1852 2219 appareat,-
1920 2143 2002 2200 et
2040 2131 2202 2222 ipse
2248 2130 2456 2202 hanc·

262 2269 428 2322 rem
473 2251 566 2321 ad
592 2248 965 2342 liquidum
997 2248 1412 2344 perducere
1449 2270 1610 2319 non
1661 2244 1991 2343 possim,
2066 2263 2325 2321 tamen
2373 2274 2455 2322 o-

260 2376 569 2445 mittere
615 2374 876 2464 nolui,
944 2374 1137 2446 mihi
1169 2395 1434 2444 eorum
1469 2375 1927 2446 sententiam
1964 2396 2126 2445 non
2171 2375 2454 2470 impro-

261 2497 592 2590 bandam
638 2498 930 2585 videri,
1002 2499 1135 2588 qui
1167 2496 1618 2589 Philippum
1648 2498 1990 2589 primum
2028 2498 2214 2569 Atiae
2248 2521 2454 2580 soror

264 2637 469 2709 rem,
526 2617 796 2687 deinde
832 2618 1075 2709 ipsam
1109 2617 1364 2685 Atiam
1403 2637 1722 2686 uxorem
1756 2615 2051 2687 duxisse
2086 2618 2455 2707 arbitran-

268 2751 396 2810 tur
435 2739 613 2826 (vid.
644 2740 939 2810 Harles.
968 2740 1061 2810 ad
1101 2737 1318 2810 Ovid.
1356 2739 1494 2832 Ep.
1533 2758 1625 2807 ex
1660 2740 1903 2810 Ponto
1939 2752 2007 2826 1,
2043 2750 2118 2830 2,
2172 2747 2348 2835 140)
2364 2738 2451 2831 2);

267 2883 454 2931 nam
494 2855 739 2960 etiam⁴
767 2862 1028 2935 Cicero
1051 2907 1076 2950 ,
1153 2860 1400 2952 quiin
1427 2860 1560 2931 tali
1595 2883 1675 2930 re
1713 2883 1955 2933 errare
1983 2884 2142 2934 non
2173 2867 2453 2961 potuit,

194 2971 201 2976 ²
260 2989 446 3060 Atiae
521 2970 884 3058 maritum
949 2985 1184 3055 fuisse
1255 2983 1707 3077 Philippum
1756 2998 2114 3075 testatur,
2244 2989 2454 3059 Orat.

263 3110 462 3202 Phil,
492 3122 542 3192 3
566 3156 592 3202 ,
645 3112 732 3197 6,
790 3114 881 3187 15
902 3152 925 3194 ,
979 3107 1119 3175 ubi
1141 3091 1566 3175 Antonium
1596 3104 1915 3192 refellit,
1989 3107 2123 3193 qui
2155 3106 2457 3198 ignobi-

410 3496 466 3567 1)
535 3493 855 3567 Corruptus
879 3501 963 3548 cst
989 3490 1188 3548 Dionis
1213 3490 1369 3546 locus
1393 3490 1484 3562 (45
1498 3530 1514 3558 ‚
1565 3492 1649 3562 1),
1684 3488 1781 3562 qui
1812 3488 1926 3545 huc
1955 3489 2231 3564 pertinet:
2279 3489 2459 3566 ὅρφα-

536 3584 632 3643 νός
669 3583 776 3641 eiad
811 3584 910 3642 τοῦ
930 3580 1253 3641 Ὀκταουΐου
1274 3579 1374 3639 ‘tob'
1394 3580 1605 3655 πατρός
1632 3580 2026 3654 καταλειφθεὶς
2060 3578 2262 3655 ἐτράφη
2304 3581 2459 3657 παρά

533 3697 595 3733 τε
620 3674 869 3751 τῇμητρὶ
891 3685 987 3733 καὶ
1022 3697 1069 3732 π
1090 3673 1227 3749 aeci·
1263 3672 1353 3745 τῷ
1382 3669 1660 3746 ἀδελφῷ
1693 3672 1902 3745 αὖτῆσ
1921 3677 2142 3744 Λουκίῳ
2165 3673 2458 3747 Φιλίππῳε

506 3797 509 3798 ’
539 3768 692 3841 quod
732 3777 922 3823 autem
962 3766 1254 3839 Xylandcr
1289 3774 1345 3820 ct
1378 3764 1752 3821 Leunclavius
1791 3768 2154 3822 coniecerunt
2184 3763 2261 3838 τῷ
2296 3765 2459 3839 ἆνὸρι

536 3858 762 3932 δευτέρῳ
801 3853 962 3928 αὕτῆς
977 3899 991 3925 ,
1041 3856 1352 3912 violentum
1390 3866 1499 3924 θεὶς
1545 3873 1730 3931 neque
1768 3873 2113 3934 magnopere
2135 3856 2320 3930 placet
2340 3857 2458 3911 Fa·-

536 3950 704 4006 bricii
727 3951 1047 4004 coniectura
1069 3944 1146 4019 τῷ
1168 3946 1324 4022 ἀνδρὶ
1348 3943 1529 4020 mirfic-

400 4042 463 4116 2)
530 4042 807 4097 Eamdem
842 4039 1137 4096 Letronnii
1171 4039 1507 4094 sententiam
1534 4057 1646 4096 csse
1669 4039 1933 4113 (Analyse
1958 4037 2210 4108 critique
2234 4038 2311 4093 du
2338 4037 2458 4093 Re-

537 4132 683 4188 cueil
706 4132 1120 4206 d’inscriptions
1159 4147 1429 4204 grecques
1455 4141 1511 4187 et
1532 4130 1729 4186 latines
1755 4132 1822 4186 de
1846 4132 1930 4185 M.
1954 4129 2006 4183 le
2032 4127 2231 4183 Comte
2253 4131 2323 4185 de
2345 4131 2457 4187 Vi-

534 4225 665 4281 dua.
734 4225 895 4282 Paris
922 4231 1058 4289 1828
1072 4262 1087 4292 ,
1135 4226 1191 4296 8)
1231 4223 1395 4280 didici
1421 4241 1487 4277 ex
1518 4221 1835 4278 Annalibus
1856 4220 2210 4293 Heidelberg.
2236 4240 2287 4277 a.
2315 4226 2455 4287 1828
