2859 4700
1280 206 1398 297 87

254 443 445 513 quos
482 433 741 491 autem
776 439 908 509 spe
944 413 1277 508 complet
1319 412 1864 487 beneficiorum
1914 410 1996 482 in
2050 426 2439 504 posterum

256 541 886 635 accipiendorum.
1009 538 1299 609 Eodem
1357 538 1586 607 modo
1645 535 1963 629 populus
2028 533 2440 625 opponitur

242 667 553 761 privato
587 666 666 734 Β.
705 662 794 736 G,
837 663 926 747 6,
986 671 1078 739 13
1100 704 1124 746 ,
1181 662 1266 739 6:
1320 661 1409 730 'si
1436 660 1582 750 'qui
1613 652 1749 731 dut
1772 659 2113 751 privatus
2147 669 2281 726 aut
2311 678 2440 748 po·

241 791 474 884 palus
524 807 774 856 eorum
819 785 1116 854 decreto
1152 805 1302 854 non
1355 783 1571 852 stetit
1586 825 1610 867 ,
1681 778 2089 875 sacrificiis
2132 776 2439 850 interdi-

248 923 477 990 cunt3
566 907 678 977 sic
728 906 939 974 enim
1001 902 1114 974 ibi
1174 902 1730 974 restituendum
1794 900 1943 970 fuit
1992 919 2083 968 ex
2132 898 2440 991 optimis

242 1032 467 1106 codd.
508 1043 587 1098 et
613 1024 777 1103 edd.
803 1071 827 1113 ,
881 1026 1047 1097 loco
1081 1026 1832 1122 vulgatae'scripturae
1862 1022 2218 1117 publicus
2254 1021 2435 1105 (vid.

244 1176 421 1248 quae
463 1150 620 1224 dixi
674 1150 754 1224 in
805 1152 882 1218 V.
953 1148 1039 1216 L.
1097 1148 1190 1217 ad
1237 1146 1317 1216 h.
1371 1148 1417 1219 1.
1458 1169 1624 1243 pag.
1677 1148 1890 1237 251).
1990 1148 2109 1216 De
2161 1166 2240 1212 re
2283 1144 2442 1233 ipsa

247 1269 755 1348 conferendus
790 1283 905 1337 est
935 1268 1147 1339 locus
1186 1269 1454 1339 Dionis
1491 1281 1616 1353 41,
1672 1277 1812 1346 24:
1866 1279 2118 1358 ἐτίμησε
2158 1278 2264 1338 καὶ
2306 1276 2441 1356 ἰδίᾳ

248 1392 363 1454 καὶ
424 1387 599 1474 κοινῇ
652 1377 924 1456 πολλοὺς·
966 1386 1075 1447 καὶ
1127 1385 1257 1454 τοῖς
1298 1405 1367 1464 γε
1414 1383 1784 1467 Γαδειρεῦσι
1836 1384 2174 1445 πολιτεῖαι·
2203 1377 2441 1442 ἅπασιν

255 1504 521 1584 ἔδωκεν,
560 1505 638 1580 ἢν
681 1504 788 1566 καὶ
837 1501 871 1566 ὁ
907 1505 1099 1585 δῆμος
1141 1504 1359 1586 σφίσιν
1401 1502 1659 1586 ὕστερον
1703 1496 2063 1585 ἐπεκύρωσε.
2133 1489 2439 1560 Gadita·

242 1621 373 1691 nis
403 1616 787 1688 civitatem
826 1608 880 1677 5)
912 1614 1165 1705 datam
1198 1614 1438 1703 fuisse
1473 1616 1699 1681 etiam
1741 1613 2057 1681 Liviana
2092 1610 2439 1703 Epit.lib.

244 1752 404 1831 ‚110
443 1750 794 1816 testatum
867 1733 999 1804 sed
1052 1734 1513 1825 quibusnam
1558 1734 1719 1804 aliis
1769 1734 2074 1826 populis
2124 1731 2439 1825 praemia

246 1859 530 1929 tributa
566 1855 889 1941 fuerint,
962 1856 1229 1927 dicere.
1252 1879 1410 1927 non
1444 1878 1797 1948 possum;
1852 1857 1984 1927 sed
2022 1869 2239 1925 erant
2271 1855 2439 1922 haec

242 1980 406 2050 sine
453 1979 682 2049 dubio
735 1979 1079 2048 eiusdem
1124 1979 1426 2072 generis
1477 1991 1705 2067 atque
1747 1999 1875 2061 ea,
1949 2000 2165 2068 quae,
2215 1975 2438 2044 finito

244 2098 730 2188 Hispaniensi
781 2097 1030 2180 bello,
1107 2098 1201 2165 iis
1241 2097 1636 2188 Hispanis»,
1712 2099 1842 2186 qui
1889 2119 2066 2166 cum
2120 2099 2438 2165 Caesare

238 2219 625 2315 jecerant,
678 2217 960 2285 tributa
995 2215 1178 2287 dicit
1213 2219 1363 2288 Dio
1397 2229 1536 2300 43,
1597 2225 1738 2300 39:
1806 2230 1935 2298 τοῖς
1990 2221 2236 2291 εὔνοιάν
2297 2251 2439 2291 τινα

246 2331 443 2399 αὐτοῦ
491 2332 750 2422 σχοῦσιν
798 2329 988 2397 ἔδωκε
1025 2332 1139 2417 μὲν
1182 2335 1292 2399 καὶ
1331 2338 1535 2421 χωρία
1582 2336 1690 2399 καὶ
1738 2328 2053 2410 ἀτέλειαν,
2122 2334 2440 2398 πολιτείαν

244 2441 322 2503 τέ
374 2462 504 2503 τισι
575 2440 684 2502 καὶ
752 2436 958 2511 ἄλλοις
1015 2436 1297 2511 ἀποίκοις
1349 2442 1476 2504 τῶν
1538 2437 1889 2521 Ῥωμαίων
1944 2440 2318 2522 νομίζεσθαι
2366 2439 2442 2506 6).

244 2549 560 2620 Privatis
595 2549 1032 2619 hominibus
1063 2572 1417 2641 quaenam
1440 2551 1747 2642 praemia
1768 2549 1999 2619 tribui
2025 2553 2438 2642 potuerint,

248 2689 409 2738 non
444 2667 752 2740 difficile
787 2689 900 2739 est
948 2671 1328 2766 suspicari.

520 2789 734 2882 Quod
759 2807 1013 2861 autem
1056 2794 1234 2883 dixi,
1288 2796 1515 2866 verba
1549 2792 1692 2889 ὃὸ,
1749 2817 1917 2886 quae
1952 2814 2176 2887 supra
2210 2792 2437 2862 allata

242 2927 443 2998 sunt,
500 2932 593 2981 ex
622 2911 772 2982 hoc
811 2912 979 2983 loco
1014 2917 1460 3009 explicanda
1495 2938 1685 3003 esse,
1741 2918 2052 2989 honores
2072 2917 2439 3011 privatim

236 3056 332 3104 ac
369 3034 668 3128 publice
699 3035 1141 3106 civitatibus
1171 3038 1277 3105 ita
1314 3040 1612 3107 habitos
1646 3060 1801 3104 esse
1841 3059 2111 3106 censeo
2133 3082 2155 3121 ‚
2223 3049 2313 3103 ut
2361 3048 2442 3102 et

237 3156 606 3224 universis
644 3153 1071 3221 civitatibus
1109 3154 1277 3221 data
1310 3156 1619 3245 praemia
1661 3155 1945 3223 fuerint
1992 3170 2070 3222 et
2117 3151 2437 3249 singulis

238 3277 322 3344 in
350 3274 438 3342 iis
470 3272 932 3340 hominibus.
1016 3273 1237 3343 Hanc
1280 3275 1489 3344 enim
1524 3255 1938 3346 verborum‘
1948 3274 2316 3369 privatim
2345 3295 2437 3346 ao

234 3394 532 3490 publice
587 3392 746 3462 vim
800 3413 962 3461 esse
1001 3411 1350 3488 apparetz
1427 3398 1512 3471 B.
1551 3396 1643 3467 G.
1674 3403 1718 3475 5
1741 3442 1763 3482 ,
1821 3404 1915 3477 55
1956 3411 2181 3467 extr-2
2239 3401 2433 3470 Tan⁴

240 3528 394 3586 tam
425 3515 580 3585 sibi
606 3550 706 3568 —
728 3519 1253 3589 auctoritatem
1286 3533 1844 3613 comparaverat
1862 3570 1884 3609 ,
1977 3532 2063 3589 ut
2109 3522 2437 3615 undique

237 3641 344 3711 ad
378 3660 540 3709 eum
568 3638 975 3730 legationes
1005 3654 1531 3716 concurrerent
1549 3685 1572 3730 ‚
1624 3641 1960 3735 gratiam
1991 3657 2212 3736 atque
2247 3646 2433 3719 ami-

510 3936 914 3991 constructioni
937 3936 1325 4011 interponitur
1347 3938 1413 3993 Β.
1441 3938 1513 3993 G·
1536 3945 1598 4005 6,
1639 3949 1708 4002 12
1723 3979 1737 4005 ,
1778 3946 1841 4003 6:
1896 3937 2186 3993 obsidibus
2213 3933 2431 3990 Aeduis

507 4029 784 4095 redditi-5,-
820 4028 925 4084 cfr.
959 4028 1024 4083 Β.
1053 4028 1118 4084 C.
1140 4037 1204 4097 3,
1239 4037 1339 4097 32,
1378 4036 1443 4093 5:
1492 4032 1775 4085 universis
1811 4030 2106 4098 imperatis
2140 4027 2425 4095 pecuniis·

372 4122 429 4191 5)
500 4119 622 4175 Cfr.
652 4116 839 4173 Ukert
865 4120 1074 4192 Geogr.
1103 4121 1157 4176 d.
1193 4121 1420 4177 Grieeh.
1448 4140 1505 4177 ιι.
1532 4122 1748 4178 Romen·
1777 4127 1841 4184 2,
1880 4127 1913 4178 1
1941 4132 2073 4190 pag·
2097 4121 2219 4182 386·

379 4214 437 4283 6)
507 4210 630 4269 cfr.
663 4208 851 4271 Ukert
875 4211 913 4266 1.
937 4228 986 4267 c.
1010 4230 1068 4287 p.
1090 4219 1203 4278 336
1222 4230 1347 4288 sqq.
