2859 4700
1398 147 1579 235 132

403 378 552 448 que
603 355 962 447 Polybius
1006 356 1171 440 (VI,
1202 354 1342 446 39>
1392 367 1474 422 et
1524 357 1852 439 Zonaras
1899 357 2193 440 (Annal.
2239 358 2368 435 lib.
2402 359 2572 450 VII,

401 489 539 564 21,
585 500 660 570 p.
689 484 842 557 350
868 462 1139 575 'sq-,ed-
1189 476 1495 564 Paris),
1550 476 1681 567 qui
1731 476 2091 568 pleraque
2147 480 2346 551 dona
2379 481 2579 553 mili-

400 600 587 670 taria
622 611 1071 668 enumerant
1101 594 1230 684 11),
1281 610 1527 683 vestes
1559 600 1755 668 inter
1788 619 1879 669 ea
1917 578 2275 693 referant,
2327 626 2578 694 neque

392 720 794 814 probabile
834 722 960 805 sit,
1020 721 1425 808 Caesarem,
1493 721 1627 809 qui
1673 718 1856 789 tunc
1907 726 2276 814 temporis
2319 729 2579 820 inopia

398 843 806 929 laboraret,
889 843 1102 912 illam
1148 843 1477 937 vestium
1535 841 1888 912 habuisse
1939 822 2273 935 copiam,
2341 864 2432 918 ut
2487 846 2580 918 iis'

403 978 613 1035 extra
665 965 1011 1035 ordinem
1073 966 1354 1036 milites
1424 965 1706 1051 donare
1769 980 2061 1056 posset=
2133 966 2341 1037 aliud
2392 969 2577 1057 quid

401 1089 780 1179 scripsisse
799 1088 1162 1156 Caesarem
1190 1100 1415 1178 puto;
1471 1085 1652 1176 quid
1673 1100 1931 1156 autem
1975 1087 2362 1177 scripserit,
2403 1111 2577 1158 con·

401 1211 691 1291 iectura
736 1208 1034 1299 assequi
1084 1231 1240 1280 non
1285 1208 1650 1300 possum}
1703 1208 1835 1279 sed
1878 1229 2038 1277 non
2087 1209 2577 1300 improbanda

401 1330 700 1401 videtur
744 1330 1259 1424 Oudendorpii
1298 1335 1715 1418 sententia,
1785 1330 1918 1400 hic
1970 1330 2343 1401 nonnulla
2387 1332 2583 1399 exeis

405 1452 597 1522 disse
630 1450 756 1536 12)3
809 1449 1219 1542 ''videtum''
1270 1457 1568 1548 inquit,
1622 1453 1922 1525 ”Caesar
1963 1454 2238 1540 dicere,
2294 1474 2375 1521 se
2421 1434 2627 1521 uni-x

404 1595 691 1644 versam
762 1575 1153 1645 cohortem
1238 1578 1656 1671 stipendiO,
1753 1577 2143 1679 frumento
2224 1588 2585 1665 vesteque

404 1695 723 1786 duplici,
778 1693 907 1762 sed
942 1697 1327 1784 speciatim
1361 1700 1657 1788 aliquos
1702 1717 1796 1766 ex
1827 1699 2138 1770 cohorte
2185 1698 2586 1793 singulari*

404 1816 544 1884 bus
576 1816 791 1884 donis
829 1814 1285 1887 militaribus
1310 1818 1650 1891 donasse.
1759 1819 1918 1888 Nec
1970 1818 2327 1889 videntur
2360 1820 2590 1890 libra·

398 1939 496 2009 rii
520 1936 910 2033 vulgatam
927 1958 1193 2008 vocem
1214 1940 1395 2010 aliis
1410 1953 1570 2009 tam
1600 1938 1791 2009 mire
1833 1942 2264 2035 corrupturi
2277 1940 2588 2020 fuisse.''

669 2241 821 2326 ΙΙΙ,
857 2244 982 2330 86,
1021 2247 1090 2321 5.
1163 2236 1398 2316 Simul
1443 2245 1961 2330 denunciavit,
2025 2255 2110 2313 ut
2152 2256 2390 2316 essent
2423 2248 2584 2317 ani-

404 2386 521 2433 mo
547 2363 812 2457 parati
842 2365 921 2433 in
946 2379 1368 2458 posterum·
1349 2414 1372 2455 ,
1429 2382 1529 2456 et,
1582 2391 2024 2461 quoniam
1948 2367 2032 2461 s
2032 2381 2189 2437 eret
2225 2370 2582 2440 dimican-

406 2485 495 2554 ai
533 2498 906 2579 potestas,
997 2501 1083 2556 ut
1148 2514 1335 2585 soepe
1417 2492 2080 2583 cogitavissen
2102 2503 2171 2580 t,
2246 2511 2347 2559 ne
2412 2509 2586 2555 usu

403 2630 601 2725 man
623 2633 670 2677 u
689 2632 857 2699 que
900 2612 1366 2705 reliquorum
1402 2638 1816 2712 opinionem
1825 2599 2223 2707 fallerent

671 2731 829 2819 Sic,
900 2750 1272 2823 quantum
1307 2736 1513 2826 scie,
1578 2738 1747 2814 edd.
1776 2751 1949 2830 post
1982 2734 2293 2805 Aldinas
2333 2711 2595 2802 omnes

408 2849 610 2935 (edd.
649 2854 868 2944 prim.
903 2867 981 2920 et
1022 2853 1207 2929 Ven.
1252 2863 1491 2940 1511,
1551 2879 1720 2944 quae
1759 2858 2049 2944 reliqua
2084 2855 2404 2941 habent,
2455 2835 2597 2945 prr}

306 2993 315 3004 ¹
398 2986 776 3080 posterum
809 2974 1148 3045 scribunt
1178 2973 1609 3070 proelium),
1664 2973 1797 3043 sed
1842 2972 2081 3060 nulle,
2135 2984 2223 3037 ut
2266 2963 2588 3058 videtur,

411 3118 656 3174 sensu.
759 3100 855 3168 Et
900 3098 1236 3191 primum
1288 3096 1604 3189 quidem
1655 3097 1742 3165 in
1783 3093 2016 3163 verbo
2059 3093 2597 3184 cogitavissent

416 3219 662 3310 (euius
692 3201 859 3288 loco
896 3224 1099 3296 Voss.
1155 3238 1234 3291 et
1264 3224 1503 3316 Bong.
1533 3235 1700 3293 tert.
1732 3217 2025 3287 habent
2046 3213 2597 3307 cogitavisset),

415 3340 619 3432 quod
663 3342 886 3411 nimis
930 3342 1382 3439 languidum
1436 3342 1856 3425 videretur,
1913 3337 2140 3407 multi
2175 3340 2603 3414 haeseruntz

417 3463 785 3533 Gruterus
821 3465 1147 3538 coniecit
1173 3464 1689 3556 agitavissent,
1736 3460 2088 3531 Davisius
2121 3457 2602 3554 optavissent,

418 3586 609 3655 alius
659 3575 1153 3679 (qui'Lipsius
1199 3587 1429 3658 fuisse
1476 3581 1808 3678 videtur)
1857 3583 2275 3668 vovissent,
2329 3581 2604 3651 Morus

420 3709 987 3799 rogitavissent,
1044 3707 1451 3798 Markland
1493 3705 1913 3798 (Explicatt
1953 3726 2122 3800 pag.
2157 3702 2335 3796 275)
2352 3698 2606 3798 flagi-

526 3886 613 3953 11)
682 3880 802 3936 Csr.
828 3881 972 3937 Geu.
1001 3882 1069 3937 N.
1097 3883 1165 3936 A.
1190 3891 1240 3949 2,
1268 3893 1362 3952 115
1397 3883 1592 3938 Valer.
1617 3882 1769 3938 Max.
1794 3889 1843 3948 3,
1870 3889 1919 3944 2,
1947 3888 2040 3942 24

537 3978 624 4045 12)
695 3976 882 4032 Etiam
915 3974 1050 4031 alios
1084 3974 1313 4043 vidisse,
1369 3973 1462 4029 hic
1485 3974 1701 4048 aliquot
1740 3972 1918 4028 verba
1960 3971 2304 4037 desiderari,⁸
2327 3951 2604 4032 ostendit

688 4069 991 4135 asteriscus,
1028 4067 1211 4140 quiin
1239 4066 1323 4122 ed.
1349 4066 1415 4122 R.
1440 4065 1630 4143 Steph-
1654 4074 1783 4121 ante
1810 4065 2125 4138 spec-iuriis,
2160 4063 2220 4117 in
2247 4061 2450 4132 Scah'g
2468 4067 2601 4134 post

677 4161 965 4231 frumento
994 4160 1313 4216 collocatur.

618 4417 1265 4671 Α...]
