2859 4700
1280 214 1402 308 37

240 438 367 525 (in
419 433 680 528 primis
740 429 1182 503 Hotomano
1201 472 1227 517 ,
1308 430 1639 521 Faerno,
1726 428 2034 517 Fulvio)
2093 430 2303 503 varie
2354 446 2434 502 et

239 558 559 654 sparsim
619 565 979 626 annotata
1032 566 1320 640 essent,
1402 554 1561 625 sive
1605 551 1702 623 ab
1728 554 2036 645 ingenio
2066 553 2225 624 sive
2262 576 2305 624 a
2338 554 2431 626 li-

234 677 432 763 bris,
489 674 777 746 dilectu
827 674 1160 767 quodam
1209 675 1552 747 adhibito
1583 676 1963 770 pleraque
2010 676 2090 747 in
2124 691 2432 749 contex-

230 813 411 870 tum
455 799 707 890 ipsum
758 797 1184 885 admisisse,
1284 799 1636 890 quaedam
1687 800 2045 892 sprevisse
2092 813 2185 869 ut
2231 799 2431 869 mala

232 935 373 993 aut
394 923 708 998 incerta.
787 920 909 992 Ad
941 922 1362 1018 marginem
1400 922 1698 994 adiecta
1733 934 1913 993 sunt
1942 935 2426 1017 argumenta3

225 1049 533 1116 textum
580 1059 838 1117 autem
888 1061 1315 1136 sequuntur
1347 1047 1802 1142 Fragmenta
1855 1058 1933 1113 et
1973 1042 2431 1115 Nomencla-

227 1180 358 1237 tor
409 1167 1036 1263 Geographicu8‚
1121 1183 1524 1261 excerptus
1574 1169 2057 1263 potissimum
2120 1188 2163 1235 e
2225 1164 2431 1235 The-

233 1310 463 1360 sauro
492 1290 1029 1381 Geographico
1068 1289 1242 1359 Abr.
1291 1289 1608 1372 Ortelii3
1662 1290 1871 1361 hunc
1901 1290 2177 1380 excipit
2206 1262 2430 1355 inde-x

237 1430 504 1479 rerum
548 1423 629 1477 et
679 1408 1091 1479 verborum
1136 1409 1775 1480 memorabilium.
1877 1407 2084 1482 Huic
2111 1406 2430 1477 editioni

238 1549 400 1600 non
435 1529 770 1600 multum
801 1551 998 1603 curae
1033 1530 1392 1623 impendi.

505 1652 933 1724 Multarum
979 1652 1400 1724 editionum
1470 1652 1625 1724 dux
1671 1652 1861 1741 fuit,
1932 1673 2102 1746 quae
2153 1648 2428 1722 deinde
2521 1726 2526 1731 ,

234 1774 892 1846 commemoranda
928 1790 1068 1865 est,
1117 1776 1268 1854 Ios.
1306 1778 1679 1868 scaligeri
1706 1775 1960 1865 editio,
1996 1775 2213 1846 cuius
2244 1775 2428 1844 titu-

222 1896 349 1967 lus
375 1897 507 1968 hic
538 1911 694 1969 estz
749 1901 828 1975 C.
862 1898 929 1978 J.
958 1902 1041 1970 C.
1076 1921 1246 1993 quae
1285 1914 1618 1976 exstantt
1668 1901 1784 1970 Ex
1828 1922 2032 1969 noua
2095 1912 2173 1968 et
2205 1918 2427 1967 accu·

224 2022 598 2091 ratissima
629 2021 770 2090 viri
823 2020 1029 2093 doct‘i
1091 2023 1613 2117 recognitione
1737 2022 1849 2091 Ex
1882 2022 2094 2096 Offic.
2143 2020 2427 2090 Plauti-

229 2141 463 2208 niana
500 2139 1030 2234 Raphelengii,
1093 2145 1304 2220 1606.
1337 2152 1405 2221 8,
1445 2138 1712 2232 (Ebert
1743 2142 1882 2215 No.
1920 2142 2185 2231 3271).
2249 2140 2427 2231 Epi-

233 2257 508 2328 stolam
557 2240 865 2354 (Lipsii)
912 2261 1005 2332 ad
1060 2261 1239 2332 Chr.
1288 2261 1727 2336 Plautinum
1777 2263 2122 2355 sequitur
2170 2264 2428 2355 Typo·

227 2382 501 2479 graphi
563 2382 656 2454 ad
732 2384 1128 2455 Lectorem
1176 2385 1531 2478 epistola,
1620 2388 1705 2459 in
1763 2409 1915 2480 qua
1963 2402 2236 2480 praeter
2277 2386 2426 2456 alia

227 2505 394 2576 haec
441 2506 585 2577 ait:
652 2507 835 2578 Viri
881 2510 1097 2579 illius
1141 2510 1504 2608 beneficio
1549 2514 1998 2605 perpolitum
2040 2513 2235 2582 huno
2266 2522 2423 2579 tex·

231 2638 394 2695 tum
450 2610 832 2712 deben'zuS,
944 2649 991 2696 a
1039 2651 1189 2719 quo
1239 2632 1661 2700 Casariana
1716 2633 2002 2725 scripta
2059 2633 2427 2701 recensita

234 2768 384 2817 non
424 2769 560 2817 nos
601 2749 841 2819 solam
868 2747 1180 2822 libentes
1208 2752 1655 2842 gloriamur,
1691 2755 1827 2825 sed
1849 2768 1926 2825 et
1954 2756 2426 2847 gloriaretur

226 2870 382 2963 ipse
401 2872 663 2941 Caesar.
717 2870 973 2942 Habet
1000 2871 1422 2969 fragmenta
1442 2876 1538 2945 ab
1557 2876 1701 2947 alio
1726 2878 1886 2947 viro
1905 2877 2129 2950 docto
2167 2891 2415 2964 aucta,

224 2992 869 3065 nomenclatorem
930 2999 1537 3092 geographicum
1580 2998 2084 3089 iudicemque.
2165 2991 2421 3074 ¹Scali-

222 3136 488 3211 gerum
536 3113 829 3186 bonum
879 3116 1223 3185 codicem
1274 3117 1639 3186 habuisse
1690 3131 2025 3204 constat,
2086 3122 2217 3190 sed
2263 3142 2420 3191 non

220 3258 457 3331 pauca
516 3251 611 3302 ex
667 3232 1049 3303 codicibus
1097 3234 1598 3305 deterioribus
1638 3251 1716 3306 et
1754 3256 1846 3306 ex
1875 3237 2028 3308 suis
2062 3240 2417 3313 aliorum·

225 3377 375 3447 que
421 3354 874 3426 coniecturis
914 3355 1271 3433 mutavin
1370 3357 1596 3429 Hanc
1629 3358 2047 3435 editionem
2114 3365 2418 3439 Ouden-

231 3476 534 3569 dorpius
579 3500 736 3549 non
771 3478 1202 3563 consuluit3
1256 3502 1427 3572 quae
1460 3503 1555 3552 ex
1587 3483 1749 3555 eius
1780 3488 2219 3577 praefatione
2249 3492 2412 3561 lau-

227 3598 352 3671 dat
396 3596 601 3697 (pag.
655 3604 797 3674 XX
855 3602 1087 3701 not.),
1154 3624 1243 3673 ea
1290 3627 1383 3673 ex
1437 3606 1937 3703 Jungermani
1971 3615 2409 3705 praefatione

223 3722 499 3794 hausit.
629 3725 803 3797 Hoc
866 3748 963 3795 ne
1031 3724 1385 3796 audacius
1452 3728 1745 3804 dictum
1805 3755 1966 3804 esse
2027 3737 2403 3821 videatur,

221 3868 458 3939 quum
506 3847 928 3940 praesertim
957 3849 1412 3945 Schneider,
1483 3854 1619 3943 qui
1657 3870 1734 3925 et
1764 3857 1925 3950 ipse
1960 3882 2134 3929 vera
2170 3856 2403 3925 Scali-

221 3992 495 4066 ger-ana
542 3972 826 4060 caruit,
903 3974 1508 4070 Oudendorpium
1539 3980 2093 4072 Scaligeranam
2133 3973 2402 4044 editio·

223 4116 375 4164 nem
452 4108 805 4166 accurate
889 4099 1291 4170 contulisse
1355 4100 1626 4173 dixerit
1691 4105 1978 4193 (Progr.
2043 4116 2218 4191 Peg·
2267 4096 2398 4188 9),

227 4218 581 4312 exemplis
621 4220 911 4314 aliquot
939 4215 1417 4316 probandum
1452 4237 1585 4297 est.
1638 4224 1715 4294 B.
1740 4220 1827 4292 G.
1852 4231 1917 4304 1,
1941 4228 2188 4305 223ex
2209 4220 2400 4294 Scal.
