2859 4700
1404 213 1480 306 4

347 428 727 503 Memoria
776 430 857 501 F.
906 428 994 501 A.
1042 423 1560 520 G.‚Spoh'nii‚‘
1605 426 1811 520 Lips.
1863 432 2057 529 1325
2120 445 2195 520 p.
2224 433 2350 508 4¹7.
2390 432 2541 518 sq.”

349 552 603 647 Magis
639 550 986 638 mirabar,
1037 570 1281 641 quum
1311 550 1546 642 ipsius
1567 548 1891 642 Spohnii
1936 548 2163 618 verba
2194 570 2238 618 a
2261 549 2546 638 Kreys-

349 673 542 769 sigio
582 671 909 744 indicata
944 671 1419 767 perlegerem
1452 667 1544 743 3)=
1584 646 2028 743 dubitabam
2055 671 2243 756 fere,
2279 674 2543 739 utrum

349 796 543 865 meis
577 794 837 883 oculis,
874 794 1151 886 quibus
1185 793 1527 884 quotidie
1549 793 2079 866 Fabricianum
2107 791 2392 862 librum
2420 790 2544 860 in·

347 917 757 1010 efficerem,
830 940 929 987 an
980 916 1303 1010 Spohnii
1360 915 1614 987 verbis
1663 914 2071 993 crederem.
2190 910 2541 985 Tandem

347 1046 657 1109 omnem
698 1037 1251 1108 dubitationem
1284 1037 1593 1107 sustulit
1625 1040 1704 1108 C.
1730 1038 1816 1107 E.
1838 1034 2430 1131 Ch.-Schneider
2446 1030 2537 1127 4),

346 1161 480 1253 qui
526 1159 1057 1252 Spohnianum
1092 1159 1378 1233 librum
1426 1159 1924 1231 Bibliothecae
1977 1157 2541 1231 'Vratislaviensi

267 1272 271 1277 ’
343 1282 652 1354 illatum
685 1304 846 1352 esse
881 1283 1184 1368 scribit3
1223 1303 1388 1352 esse
1422 1298 1685 1353 autem
1714 1282 2148 1375 exemplum
2187 1279 2545 1352 editionis

348 1404 763 1476 Graevianae
844 1427 909 1482 a.
983 1412 1177 1486 1713
1194 1400 1252 1472 5)
1309 1416 1391 1474 et
1431 1405 1806 1476 lectiones
1857 1426 2015 1475 non
2065 1402 2267 1474 ultra
2309 1404 2395 1478 B.
2439 1400 2537 1472 G.

346 1528 482 1615 vl,
503 1538 601 1606 22
635 1526 1045 1616 adscriptas
1073 1525 1409 1611 haberem
1442 1528 1679 1597 videri
1722 1542 1982 1597 autem
2014 1528 2227 1598 hunc
2256 1524 2544 1595 librum
2637 1504 2650 1511 ”

344 1654 519 1718 ante
552 1649 817 1733 Curtii,
853 1658 1020 1713 tum
1049 1645 1380 1715 Ernestii
1411 1647 1670 1720 fuisse.
1775 1645 2087 1715 Collatis
2115 1642 2309 1730 illis,
2361 1662 2538 1734 quae

345 1768 764 1842 Schneider
801 1785 896 1834 ex
929 1765 1083 1838 hoc
1116 1765 1314 1837 libro
1353 1766 1612 1854 affert,
1666 1765 2067 1859 exemplis,
2120 1764 2320 1836 mihi
2353 1767 2542 1837 satie

351 1903 648 1965 constat
668 1935 695 1978 ‚
744 1889 1109 1959 lectiones
1135 1887 1364 1960 huius
1395 1887 1577 1960 libri
1624 1908 1718 1958 ex
1764 1887 2206 1960 Fabriciano
2258 1886 2538 1959 de'scri-

344 2026 516 2108 ptas
551 2012 831 2097 fuisse;
881 2032 1065 2084 nam
1107 2012 1316 2105 quod
1349 2011 1558 2084 idern
1587 2012 1704 2083 vir
1736 2009 2214 2085 doctissimus
2246 2021 2531 2096 censet,

344 2135 420 2209 si
486 2137 628 2208 hoc
684 2136 1090 2232 exemplum
1146 2149 1420 2230 praesto
1460 2131 1746 2230 suisset
1796 2132 2358 2229 Oudendorpio,
2421 2118 2544 2202 itu

343 2260 781 2356 impeditum
817 2275 891 2330 et
945 2259 1342 2354 ancipitem
1369 2258 1531 2329 eius
1556 2282 1767 2331 usum
1794 2258 2015 2352 queri
2038 2280 2202 2330 eum
2229 2278 2373 2331 non
2397 2277 2542 2351 po-

480 2484 540 2556 3)
608 2482 830 2537 ’'Unter
867 2480 1088 2538 meiner
1115 2479 1452 2552 Sammlung
1486 2498 1605 2535 von
1637 2480 1793 2536 alten
1816 2479 1992 2537 Codd.
2028 2482 2153 2538 und
2178 2481 2538 2538 Collationen

609 2573 915 2631 findetsich
926 2574 1022 2628 das
1033 2573 1341 2646 Exemplar
1365 2590 1485 2628 von
1508 2572 1612 2627 der
1633 2574 2014 2629 Davisiscloen
2027 2572 2285 2646 Ausgabe
2308 2572 2406 2628 des
2418 2570 2538 2628 Jul.

609 2664 798 2720 caesar
812 2709 828 2734 ,
875 2665 1111 2723 welches
1156 2663 1399 2720 vordem
1428 2664 1566 2722 Alb.
1592 2664 1901 2720 Fabricius
1924 2665 2110 2722 besass
2129 2664 2253 2720 und
2274 2683 2375 2721 aus
2397 2662 2539 2722 wel-

610 2756 780 2830 chem
800 2758 995 2810 ‘Davi-s
1023 2755 1175 2810 seine
1200 2755 1360 2808 lente
1382 2755 1533 2810 Edit.
1557 2756 1622 2809 in
1646 2762 1745 2817 410
1766 2774 1827 2810 ιι.
1852 2759 2193 2830 Oudendorp
2218 2757 2308 2812 die
2329 2755 2541 2828 seinige

612 2845 840 2900 bildete.
908 2845 999 2900 Da
1030 2843 1204 2898 dieses
1238 2843 1498 2916 Exempl.
1534 2843 1622 2897 die
1654 2844 2048 2900 sammtlichen
2078 2848 2451 2900 Gruter-when
2473 2864 2538 2900 ιι.

580 2987 585 2994 ,
616 2936 1018 2991 Gudius'schen
1056 2932 1414 2987 Collationen
1450 2932 1522 2988 ad
1552 2933 1872 3004 marginem
1908 2934 2271 3005 geschrieben
2304 2935 2539 3004 enthiilt,

611 3026 786 3082 Davis
822 3044 882 3080 ιι.
924 3022 1276 3097 Oudendorp
1315 3023 1477 3077 nicht
1511 3040 1627 3076 nur
1662 3023 1796 3077 sehr
1831 3024 2001 3079 vieles
2039 3023 2215 3079 falsch
2229 3066 2245 3093 ,
2283 3026 2538 3083 sondern

612 3118 760 3174 auch
800 3116 933 3173 sehr
968 3114 1111 3171 viele
1144 3114 1267 3171 und
1300 3114 1459 3169 nicht
1493 3112 1923 3171 unbedeutende
1947 3134 2071 3171 var.
2096 3115 2222 3171 lect.
2245 3132 2351 3188 gar
2376 3117 2540 3173 nicht

613 3209 852 3265 benutzt
883 3207 1101 3275 haben,
1135 3205 1208 3262 ist
1229 3206 1404 3262 dieses
1429 3205 1687 3279 Exempl.
1723 3225 1841 3262 von
1864 3206 2051 3262 einem
2074 3205 2535 3279 merkwurdigen

611 3300 877 3356 Werthe
897 3340 914 3366 ,
957 3299 1030 3352 da
1071 3297 1221 3352 ohne
1260 3297 1510 3352 dasselbe
1535 3298 1913 3373 Oudendorps
1935 3298 2193 3372 Ausgabe
2218 3318 2359 3375 ganz
2386 3303 2538 3359 ohne

610 3389 749 3444 fides
785 3389 873 3443 ist·
987 3388 1055 3440 Ζ.
1094 3386 1162 3440 Β.
1202 3386 1307 3439 der
1340 3388 1723 3441 Buelidianus
1759 3389 2130 3467 Oudendorp.
2174 3392 2249 3451 ist
2281 3394 2409 3452 blos
2445 3395 2540 3454 ein

617 3485 845 3535 error-’⁹

483 3574 542 3646 4)
609 3570 908 3645 specimen
947 3585 1110 3623 novae
1150 3566 1219 3622 de
1241 3563 1404 3623 bellis
1428 3567 1485 3622 J.
1512 3565 1742 3623 Caesaris
1762 3570 2311 3633 commentariorum
2330 3591 2540 3637 recen..

616 3660 804 3717 sionis.
872 3660 1268 3732 Programma.
1289 3656 1643 3715 Vratislaviae
1669 3664 1824 3722 1827.
1850 3667 1904 3723 4.
1926 3679 1986 3736 p.
2012 3674 2047 3728 1
2076 3682 2200 3741 sqq.

483 3753 541 3825 5)
607 3751 794 3808 Huius
829 3750 1086 3804 editionis
1114 3747 1374 3823 exemplo
1406 3749 1690 3823 adscripta
1711 3748 1877 3807 fuisoe
1903 3753 2143 3828 Spohnii
2165 3759 2343 3815 verba
2356 3801 2372 3827 ,
2409 3777 2538 3832 quo

611 3859 791 3916 supra
826 3840 990 3897 attuli
1003 3882 1019 3909 ,
1062 3839 1179 3898 iam
1209 3840 1275 3895 in
1310 3839 1534 3896 Daehnii
1573 3840 1902 3913 praefatione
1936 3863 2066 3920 pag.
2117 3850 2226 3905 vn
2259 3844 2537 3919 legeramg

610 3933 707 3993 sed
751 3949 932 4006 quum
954 3948 1194 4005 prorsus
1215 3947 1337 3986 non
1352 3931 1733 4003 intelligerem
1747 3974 1763 4001 ,
1800 3937 2086 4009 quomodo
2107 3935 2307 4008 aliquis
2333 3949 2540 3996 contra

612 4027 819 4083 diserta
863 4019 1110 4079 Fabricii
1162 4031 1219 4075 et
1267 4020 1660 4096 Oudendorpii
1705 4026 2023 4083 testimonia
2062 4026 2295 4082 credere
2327 4038 2531 4102 posset,

609 4115 1014 4171 Fabricianum
1061 4111 1279 4167 librum
1327 4110 1494 4169 finisse
1544 4115 1869 4193 exemplum
1916 4114 2171 4174 editionis
2206 4117 2537 4193 Groevianoe,

612 4204 916 4264 Daehnium
942 4220 1156 4263 errasse
1179 4201 1472 4279 putabam.
