2859 4700
1268 197 1440 295 101

264 419 423 497 219
471 406 959 484 indicativum
988 405 1315 500 probare
1350 405 1646 483 videtur
1664 452 1698 505 ⁹.
1741 426 1979 497 quum
2008 405 2176 479 haec
2208 405 2448 495 dicatz

268 533 574 627 i'potest
613 531 845 603 videri
876 527 1243 601 Salustius
1275 529 1736 624 elegantiam
1763 522 2181 619 ,quamdam
2213 544 2453 611 secta-

270 672 392 726 tus
426 678 586 725 esse
617 700 641 742 ‚
693 655 800 724 ita
830 639 916 721 ut
937 696 960 738 ‚
1017 649 1223 742 quod
1260 650 1356 721 ad
1391 650 1646 743 ipsum
1671 651 2066 742 pertinuit,
2116 649 2452 735 ‚firmissiu-
2499 714 2512 719 -

267 799 395 851 me
427 790 918 867 asseveraret,
978 787 1232 847 cetera
1266 774 1665 847 incertiora
1699 768 2089 873 poneret.”
2143 807 2247 825 —-
2298 769 2451 855 Sed

269 902 333 969 si
380 900 635 969 locum
660 900 931 990 *ipsum
983 896 1403 966 accuratius
1438 895 1807 988 inspicere
1845 892 2262 983 voluissent
2292 896 2447 973 VV‚

256 1025 414 1093 DD
443 1067 468 1108 ‚
521 1020 745 1094 facile
783 1017 1351 1106 intellexissent,
1407 1020 1747 1110 ineptam
1786 1038 1947 1092 esse
1974 1016 2449 1095 sententiam.

256 1141 660 1215 Sallustius
678 1184 702 1226 ,
782 1139 1026 1209 allatis
1073 1141 1526 1226 rationibus,
1621 1118 1757 1209 cur
1809 1138 1953 1209 hac
2026 1149 2450 1230 tempestate

260 1286 456 1339 cum
488 1284 740 1331 rerum
758 1261 969 1355 publ.
1000 1262 1300 1337 minime
1330 1254 1709 1354 cupiunda
1734 1261 2088 1330 videatur
2117 1268 2311 1350 (cap.
2330 1259 2446 1349 3),

267 1384 361 1452 iis
393 1381 738 1469 occurrit,
809 1404 851 1451 a
884 1383 1163 1472 quibus
1193 1405 1272 1451 se
1304 1382 1597 1453 inertiae
1629 1394 2061 1454 accusatum
2091 1382 2183 1451 iri
2214 1381 2454 1474 suspi-

254 1512 527 1590 natu'r,
592 1506 796 1595 quod
844 1504 1131 1597 procul,
1157 1527 1201 1574 a
1243 1504 1634 1599 republica
1682 1517 1984 1576 aetatem
2051 1525 2274 1599 agere
2325 1502 2455 1571 de-

264 1625 566 1707 crevit„
635 1626 873 1717 Quid,
927 1648 1221 1716 quaeso,
1277 1626 1654 1716 adipsum
1709 1625 2285 1696 defendendum
2329 1647 2455 1697 va-

262 1746 398 1833 let,
437 1748 713 1838 quibus
742 1748 1209 1839 temporibus
1245 1747 1724 1842 magistratus
1759 1748 2073 1840 adeptus
2104 1744 2222 1832 sit,
2246 1766 2452 1827 com·

260 1891 729 1958 memorare,
801 1886 879 1940 et
929 1867 1186 1961 quales
1239 1868 1383 1938 viri
1429 1869 1814 1962 repulsam
1847 1869 2217 1941 tulerint?
2275 1869 2456 1938 Cer.-

246 1992 632 2063 :tissimum
675 2005 827 2075 est,
903 1992 1279 2081 scripsisse
1320 1990 1806 2063 Sallustium:
1866 1992 2023 2078 Qui
2054 1992 2127 2060 si
2153 2003 2453 2081 reputa·-

254 2111 553 2192 verint,
620 2122 699 2180 et
746 2108 1024 2199 quibus
1073 2132 1210 2199 ego
1261 2110 1720 2201 temporibus
1752 2112 2250 2201 magistratus
2280 2113 2451 2180 ade-
2507 2096 2522 2107 ’

250 2242 438 2322 «ptus
484 2252 649 2305 sum
691 2233 949 2321 quales
992 2231 1151 2323 viri
1195 2231 1390 2299 idem
1438 2232 1753 2321 adsequi
1798 2233 2307 2322 nequiverint,
2377 2245 2454 2303 et

250 2365 514 2449 ,postea
547 2377 713 2444 quoe
744 2377 1021 2446 genera
1037 2355 1434 2428 hominum
1467 2355 1552 2424 in
1580 2367 1915 2436 senatum
1935 2356 2418 2449 pervenerint
2428 2367 2462 2424 .·'

248 2471 603 2568 profecto
647 2477 1203 2550 existumabunt
1249 2489 1386 2549 cet.
1506 2479 1676 2549 Hoc
1727 2500 1964 2567 quum
2022 2480 2453 2550 coniectura

260 2596 669 2682 adsecutus
708 2621 972 2692 essem,
1004 2600 1267 2692 postea
1297 2599 1456 2670 vidi
1487 2598 1695 2672 idem
1723 2599 2007 2669 firmari
2038 2600 2202 2670 cod·-
2237 2594 2455 2670 Med.

260 2712 412 2802 3⁰6),
520 2720 691 2792 Jam
728 2721 1012 2810 optime
1054 2720 1438 2791 cohaerent
1471 2722 1726 2792 omnia
1748 2747 1786 2791 ε’
1822 2723 2006 2796 dicit
2032 2721 2450 2808 Sallustius,

246 2862 343 2910 -se
395 2862 551 2927 non
584 2823 898 2942 inertem
929 2864 1088 2911 esse
1125 2843 1304 2916 inde
1337 2844 1686 2935 probari,
1741 2844 1944 2934 quod
1975 2845 2066 2912 iis
2095 2844 2452 2936 tempori-

244 2964 398 3036 ebus
426 2967 910 3060 magistratus
958 2964 1272 3057 adeptus
1305 2967 1445 3052 sit,
1507 2966 1781 3055 quibus
1816 2966 2052 3038 etiam
2084 2966 2269 3038 clari
2304 2966 2446 3034 viri

242 3086 652 3177 ·repulsam
680 3085 1037 3167 .ferrent;
1123 3087 1187 3151 si
1242 3084 1606 3151 voluisset
1650 3098 1906 3151 autem
1955 3085 2140 3151 alios
2186 3098 2451 3174 postea

244 3205 743 3297 magistratus
764 3202 1104 3291 adipisci,
1125 3199 1276 3270 hoc
1292 3219 1451 3268 non
1481 3200 1787 3269 difficile
1808 3203 2156 3271 futurum
2185 3205 2445 3297 fuisse,

396 3375 453 3443 6)
521 3374 631 3428 Hic
670 3374 843 3428 codex
857 3415 871 3440 ,
919 3374 984 3427 in
1017 3391 1220 3430 eorum
1255 3391 1425 3430 usum
1451 3374 1654 3440 factus,
1694 3374 1795 3445 qui
1821 3375 2165 3434 rhetoricam
2187 3387 2450 3446 tractant,

414 3503 419 3512 -
526 3465 810 3520 orationes
831 3465 1003 3520 hahet
1027 3484 1095 3519 ex
1118 3464 1380 3524 Sallustio
1407 3465 1641 3537 aliisque
1667 3476 1958 3539 excerptas
1986 3477 2040 3538 et
2058 3468 2446 3540 praefationem

520 3556 660 3636 pelli
682 3557 1028 3628 Jugurthini.
1095 3557 1403 3633 Exemplar
1425 3557 1557 3614 satis
1580 3556 1800 3614 honum
1823 3556 2092 3614 librarius
2114 3569 2332 3620 secums
2359 3561 2449 3618 vi·-

524 3648 691 3701 detur
730 3649 1032 3703 Gerlachio
1082 3650 1172 3719 (T.
1213 3658 1249 3712 2
1287 3667 1345 3721 p.
1383 3661 1433 3715 1,
1468 3647 1633 3702 Praef.
1668 3667 1727 3720 p.
1749 3651 1858 3720 39).
1929 3650 2112 3706 Facile
2136 3660 2326 3706 autem
2350 3653 2446 3706 in·-

524 3737 817 3808 telligitur,
892 3741 992 3811 qui
1055 3739 1179 3794 fieri
1225 3741 1503 3814 potuerit,
1570 3748 1639 3793 ut
1684 3738 1809 3794 talis
1866 3739 2040 3794 codex
2103 3757 2227 3797 non
2286 3760 2446 3797 eam-

524 3827 657 3882 dem
708 3829 1207 3904 interpolationem
1258 3849 1455 3904 passus
1492 3831 1561 3885 sit
1574 3872 1590 3898 ,
1640 3850 1763 3904 quae
1800 3831 1863 3885 in
1901 3832 2125 3890 Sallust·
2162 3831 2446 3888 codicibus

523 3920 792 3976 omnibus
833 3938 948 3977 esse
990 3921 1231 3978 videtur.
1301 3920 1472 3991 Quod
1494 3931 1684 3980 autem
1706 3923 1951 3978 Gerlach
1988 3921 2151 3988 dixit,
2201 3938 2259 3974 se
2299 3925 2445 3993 Pro-

522 4021 717 4084 pterea
736 4011 884 4066 hanc
910 4013 1205 4084 scripturae
1228 4011 1556 4068 varietatem
1577 4013 1837 4079 attulisse,
1866 4033 1934 4065 ne
1964 4014 2115 4082 quod
2136 4011 2446 4080 exemplum

522 4101 890 4158 librariorum
926 4103 1186 4159 levitatis
1224 4105 1290 4157 in
1327 4104 1579 4157 delendis
1605 4106 1833 4161 vocibus
1856 4102 2243 4175 intelligentes
2259 4100 2447 4175 suge-ff

522 4203 609 4247 ret
623 4232 638 4261 ,
681 4192 872 4267 paullo
900 4193 1127 4252 calidius
1150 4193 1362 4252 dictum
1389 4194 1631 4282 videtur.
