2859 4700
1214 188 1347 291 47„
1445 225 1454 231 ·

161 435 375 484 num
428 404 958 479 historicarum
1027 421 1108 478 et
1157 403 1827 504 grammaticarum
1905 403 2110 475 mole
2171 406 2377 480 bona

170 536 407 607 malis
422 520 678 601 'mixta
712 530 1196 621 reperiuntur
1216 525 1331 605 32),

461 653 820 745 Sequitur
845 648 901 720 Ῑ.
924 654 998 723 C.
1024 652 1336 724 Daehnii
1358 648 1594 719 editio
1627 647 1968 717 omnium
1995 670 2382 720 commen-
2481 704 2490 713 .

173 778 596 863 tariorum,
654 797 695 843 e
749 774 1198 845 recensione
1253 775 1333 861 Ε.
1384 770 1904 862 Oudendorpii
1946 772 2217 863 passim
2261 796 2379 845 re..

175 903 407 989 ficta,
483 897 759 990 Lipsiae
815 902 1052 986 1825,
1127 907 1244 976 12.
1362 894 1516 965 Hic
1559 893 1850 985 primus
1890 891 2091 963 inter
2119 918 2379 968 recen·

172 1027 414 1099 tiores
455 1023 783 1093 editores
828 1042 1088 1090 veram
1138 1015 1657 1109 Oudendorpii
1698 1016 2222 1086 recensionem
2263 1041 2383 1088 re-

172 1149 500 1221 stituere
555 1156 872 1214 conatus
927 1155 1081 1232 est,
1151 1140 1284 1212 sed
1331 1160 1424 1209 ex
1461 1139 1753 1208 minore
1794 1140 2092 1232 potum,
2147 1162 2384 1230 quam

176 1292 276 1340 ex
312 1268 601 1337 maiore
631 1264 990 1339 editione.
1124 1262 1431 1334 Addidit
1481 1263 1999 1330 annotationes
2049 1260 2381 1350 criticas,

180 1395 273 1463 in
309 1387 590 1478 quibus
620 1384 863 1481 varias
899 1381 1305 1473 scripturas
1334 1396 1763 1451 memoratu
1790 1381 2053 1477 dignas
2085 1398 2164 1453 et
2204 1404 2388 1453 con-

189 1514 524 1585 iecturas
541 1504 818 1598 passim
855 1501 1215 1595 dispersas
1249 1525 1841 1576 commemorare
1869 1504 2111 1575 voluit
2138 1501 2382 1597 (Praef-

186 1655 267 1731 Ρ.
294 1633 444 1716 III)
465 1644 544 1698 et
577 1649 656 1696 re
685 1648 855 1696 vera
890 1626 1558 1708 comtisemoravit3
1609 1625 1739 1696 sed
1774 1627 1947 1695 licet
1980 1650 2137 1696 non
2167 1629 2389 1722 paul-

194 1752 367 1825 lum
419 1749 832 1846 diligentiae
881 1748 1001 1817 his
1067 1746 1683 1819 annotationibus
1755 1749 2215 1842 impendisse
2278 1750 2386 1821 vi-

188 1877 501 1963 deatur,
556 1884 820 1944 tamen
873 1893 1072 1971 saepe
1118 1872 1338 1944 fallit.
1444 1872 1642 1943 Novi
1686 1893 1845 1944 non
1891 1873 2229 1944 multum
2272 1889 2386 1944 at·-

182 1999 389 2070 tulit.

459 2124 645 2191 Post
702 2112 908 2189 hanc
983 2116 1648 2189 commemoranda
1710 2134 1826 2187 est
1877 2117 1940 2191 I.
1998 2120 2071 2193 C.
2126 2118 2391 2190 Heldii

201 2237 436 2309 editio
484 2242 778 2316 Comm.
826 2236 919 2308 de
953 2238 1033 2308 B.
1072 2237 1164 2308 G.
1218 2234 1393 2331 (mit
1438 2239 2098 2336 Anmerkungen),
2177 2240 2394 2311 Sulzae-

194 2364 367 2437 baci
405 2370 596 2445 1895
618 2409 640 2449 ,
662 2433 669 2440 ,
694 2372 766 2444 8.
880 2361 1207 2433 Textum
1234 2359 1576 2433 Oberlini
1611 2363 1952 2456 repetiit,
2010 2379 2089 2433 et
2115 2340 2392 2455 praeter

192 2487 450 2560 locum
478 2488 561 2561 B.
601 2485 694 2561 G.
729 2493 823 2572 4,
880 2490 978 2579 27
995 2529 1017 2570 ,
1078 2483 1172 2554 de
1207 2506 1359 2574 quo
1391 2487 1665 2556 monui
1709 2487 1794 2555 in
1840 2485 1957 2563 ed.
2010 2508 2182 2556 mea
2211 2508 2386 2584 pag.

124 2645 128 2649 ·
201 2612 394 2694 156,
448 2606 755 2675 nullum
785 2606 1043 2674 locum
1073 2606 1435 2691 memini,
1489 2607 1627 2675 ubi
1667 2607 1759 2675 ab
1799 2627 1891 2676 eo
1926 2607 2392 2694 discesserit3

204 2726 337 2797 sed
367 2747 536 2815 quae
569 2723 662 2793 de
690 2738 905 2794 textu
946 2723 1311 2794 mutando
1344 2730 1670 2815 monuit,
1719 2728 2170 2822 plerumque
2204 2733 2393 2824 opti·

204 2869 330 2917 ma
387 2861 607 2933 sunt,
690 2860 888 2916 notae
968 2860 1226 2916 autem
1292 2850 1808 2943 grammaticae
1872 2865 1952 2921 et
2008 2850 2389 2927 historicae

199 2967 608 3056 eiusmodi,
682 2982 770 3042 ut
812 2967 1166 3038 omnibus
1215 2971 1745 3064 scriptoribuS,
1799 2974 1935 3065 qui
1979 2974 2061 3046 in
2106 2975 2392 3047 scholis

198 3094 595 3191 leguntur,
648 3090 886 3161 talem
922 3092 1295 3161 editorem
1336 3096 1776 3189 contingere
1807 3098 2135 3189 cupiam.

462 3212 527 3282 Ι.
579 3215 666 3281 Τ.
720 3214 1131 3303 Kreyssig‚
1210 3211 1427 3285 cuius
1495 3214 1738 3317 editio·
1786 3217 2063 3309 prodiit
2112 3221 2390 3315 Lipsiae

194 3320 438 3417 ι1826,
494 3342 586 3419 8,
651 3332 894 3444 textui
925 3331 1440 3429 Oudendorpii
1481 3340 1760 3430 passim
1798 3340 2062 3414 reficto
2098 3344 2390 3415 addidit

209 3453 795 3525 Adnotationem
838 3455 1235 3542 Criticam,
1302 3459 1384 3529 in
1433 3482 1579 3552 qua
1631 3461 2034 3553 indicavit,
2106 3468 2388 3557 quibus

208 3576 389 3646 locis
449 3588 766 3669 utraque
845 3578 1403 3675 Oudendorpii,
1484 3582 2052 3681 Stutgardiana‚
2139 3587 2387 3681 Mori,

305 3889 396 3959 32)
445 3888 516 3942 In
562 3888 1125 3962 Herzogii“editiones
1159 3895 1315 3966 (nam
1351 3906 1561 3969 praeter
1596 3898 1745 3952 hanc
1792 3900 1919 3954 edit.
1956 3900 2089 3953 libr.
2121 3898 2188 3950 de
2214 3897 2279 3950 Β.
2309 3898 2387 3952 G0'

468 3979 635 4034 etiam
671 3981 914 4037 Sallustii
961 3984 1028 4039 de
1075 3985 1477 4043 Coniuratione
1517 3988 1766 4043 Catilinae
1803 3991 1953 4044 libro
1991 3988 2065 4040 ab
2102 3973 2384 4058 Herzogio

468 4070 641 4138 edite,
669 4072 864 4146 Lipsiae
892 4081 1058 4143 1828,
1105 4084 1169 4144 8,
1207 4097 1342 4138 usus
1364 4082 1511 4150 sum)
1536 4078 1770 4143 cadunt,
1815 4094 1936 4147 quae
1960 4074 2022 4126 in
2045 4071 2385 4136 editionibus

465 4180 586 4216 non
614 4163 910 4235 probanda
951 4183 1064 4222 esse
1089 4169 1375 4225 verissime
1415 4170 1639 4225 monuit
1661 4166 1805 4221 Held
1846 4161 2026 4236 (Praef.
2050 4161 2121 4218 ad
2151 4162 2286 4225 libr.
2316 4169 2385 4230 de

462 4252 527 4306 Β.
554 4252 625 4308 G.
651 4271 778 4327 pag.
794 4257 874 4314 VI
902 4260 1061 4331 sqq.)-
