2859 4700
1451 175 1577 269 24

430 410 585 483 per.
600 384 847 478 capita
864 380 1095 455 divisa
1115 403 1140 466 3
1170 380 1267 453 ad
1296 382 1618 479 singula·
1639 398 1900 469 antem
1917 385 2166 483 capita
2177 400 2424 458 novus
2449 408 2616 463 ver·

437 530 563 609 sus
579 505 874 600 incipit,
890 505 1022 576 cui
1039 504 1539 601 appingendis
1570 505 1843 579 litteris
1877 506 2293 581 initialibus
2325 523 2464 580 aut
2492 530 2621 581 va-

438 649 667 700 cuum
718 626 1065 721 spatium.
1103 650 1149 699 a
1197 628 1674 725 typographo
1724 629 2081 705 relictum
2121 647 2284 718 est,
2353 648 2486 703 aut
2537 634 2623 704 in

437 771 673 822 vacuo
705 753 945 845 spatio
973 773 1251 844 magno
1282 751 1530 822 littera
1559 753 1721 847 ipsa
1739 750 2067 835 „initialis
2091 751 2372 829 eadem
2407 766 2624 846 typo-

436 894 614 943 rum
648 874 932 964 forma,
994 896 1145 968 qua
1174 873 1516 963 reliquus
1561 872 1753 945 liber
1792 895 2110 953 excusus
2140 887 2278 961 est,
2340 872 2619 949 adseri.-

438 1007 572 1089 pta
599 995 1011 1084 invenitur,
1060 1018 1159 1066 ne
1185 995 1435 1090 pictor
1464 995 1749 1069 scilicet
1778 1010 2103 1081 errarem
2153 997 2236 1067 in
2265 992 2620 1085 exemplo
2757 1030 2780 1045 ι

438 1116 856 1197 Havniensi
880 1115 1152 1188 litterae
1204 1117 1537 1191 initiales
1566 1118 1782 1211 pictus
1815 1117 2358 1203 desiderantur.
2466 1119 2624 1187 Des-

440 1236 714 1329 scripta
747 1253 861 1311 est
901 1237 1071 1313 haec
1107 1239 1346 1313 editio
1387 1238 1484 1311 ad
1524 1241 1906 1330 codicem,
1960 1238 2095 1330 qui
2126 1240 2340 1313 codd.
2375 1239 2625 1312 Havn.

439 1357 550 1453 B.,
603 1360 814 1436 Leid.
850 1362 1105 1450 tertio,
1143 1365 1345 1437 Voss.
1383 1361 1614 1433 tertio
1649 1361 2079 1435 simillimus
2113 1359 2289 1449 fuit,
2304 1360 2401 1435 id.
2425 1357 2627 1450 quod

441 1480 595 1552 iam
614 1503 842 1576 supra
875 1484 1146 1563 monui
1161 1484 1366 1578 (pag.
1390 1495 1491 1565 20
1505 1484 1673 1575 sq.)
1732 1483 2283 1557 Oudendaeum
2306 1482 2631 1555 contulit
2767 1544 2776 1549 -

441 1601 696 1693 (Praef.
746 1623 920 1696 pag.
968 1603 1149 1693 XV)
1195 1603 1479 1690 idque,
1548 1617 1921 1689 quantum
1967 1600 2397 1694 observavi,
2449 1604 2634 1675 satis

441 1732 788 1795 accurate
808 1764 833 1810 ,
884 1721 1069 1792 licet
1099 1718 1469 1815 plurimos
1517 1739 1805 1797 errores
1852 1718 2020 1791 eius
2058 1723 2286 1791 tacite
2320 1741 2629 1813 μειοῖ,-

443 1840 753 1918 miserit.

2807 1454 2810 1493 1

748 1961 1108 2055 Sequitur
1136 1959 1371 2033 editio
1405 1958 1976 2039 Mediolanensi-⁹
2035 1979 2171 2053 per
2205 1960 2631 2045 Antonium
2777 1984 2781 1989 ·

446 2086 864 2171 Zarothum
879 2088 1365 2165 Parmensem
1400 2106 1469 2160 a.
1510 2091 1706 2164 1477
1736 2083 1868 2161 fol.
1892 2082 2169 2175 (Ebert
2200 2079 2335 2156 No.
2362 2081 2694 2177 3251)»

444 2212 541 2282 In
584 2211 829 2282 fronte
877 2209 1104 2281 huius
1151 2207 1504 2297 editionis
1553 2205 1837 2301 legitur
1884 2204 2205 2297 epistola
2251 2203 2458 2275 Petri
2494 2202 2534 2270 J
2542 2221 2628 2271 u.

448 2331 625 2418 stini
670 2330 1052 2426 Philelphi
1093 2328 1191 2398 ad
1238 2326 1673 2406 Johannem
1699 2327 2236 2414 ,Simonetam,
2304 2324 2430 2399 cui
2461 2325 2642 2396 haec

447 2448 869 2540 subscripta
917 2449 1312 2546 leguntur:
1403 2444 1877 2520 ”Mediolani
1937 2470 2026 2518 ex
2092 2449 2380 2522 oedibus
2445 2447 2639 2518 meis

438 2573 588 2660 ‚XV
618 2570 994 2644 Kalendas
1027 2568 1486 2658 decembres..
1589 2573 1816 2642 Anno
1845 2591 1904 2646 ,a
1949 2570 2186 2641 natali
2222 2570 2635 2666 christiano

456 2689 722 2773 1476.'’
824 2695 919 2765 In
947 2694 1094 2766 hac
1132 2691 1448 2785 epistola
1496 2689 1590 2762 de
1638 2691 1947 2764 Caesaris
1995 2692 2408 2764 virtutibus
2435 2694 2636 2770 ,eius-

453 2835 605 2908 que
645 2814 1101 2905 scriptorum
1130 2813 1460 2898 utilitate
1489 2813 1762 2907 agitur,
1816 2813 1950 2886 sed
1965 2813 2447 2886 de·editionis
2471 2817 2656 2890 som.

457 2934 657 3007 tibus
691 2934 890 3005 nihil
925 2936 1223 3007 dicitur.
1254 3021 1259 3028 .
1327 2934 1610 3005 Similis
1660 2948 1772 3006 est
1814 2936 1979 3008 haec
2008 2936 2240 3010 editio
2271 2940 2636 3010 Romanae

453 3058 812 3153 principi,
865 3057 997 3130 sed
1027 3073 1290 3128 tamen
1326 3069 1443 3127 tot
1488 3057 1726 3128 habet
1754 3057 1895 3130 sibi
1946 3061 2280 3153 proprias
2315 3058 2634 3149 scriptu-

454 3205 614 3270 τες,
670 3198 756 3254 ut
795 3203 886 3253 ex
929 3182 1078 3254 alio
1111 3181 1369 3256 codice
1410 3197 1545 3253 aut
1595 3201 1869 3253 excusa
1913 3197 2045 3252 aut
2080 3181 2345 3253 saltem
2382 3157 2633 3248 emen}

457 3305 630 3388 data
689 3327 850 3386 esse
905 3305 1274 3375 videatur.
1424 3304 2025 3375 Commentarios
2072 3305 2413 3396 sequitur
2445 3303 2687 3391 Ray·-¹

457 3424 728 3497 mundi
750 3424 1109 3510 Marliani
1140 3422 1380 3495 Index
1400 3427 2134 3496 Commentariorum
2159 3426 2249 3505 G.
2280 3428 2320 3494 J
2331 3426 2463 3496 ulii
2483 3425 2642 3494 Cae-

457 3549 665 3623 saris,
765 3545 1055 3618 Habuit
1097 3544 1301 3619 hanc
1356 3546 1769 3616 editionem
1806 3547 2000 3620 Oud.
2038 3549 2286 3640 <Praef
2326 3570 2400 3642 p.
2437 3545 2636 3639 XV).

721 3669 1073 3762 Repetite
1105 3682 1218 3738 est
1242 3669 1403 3743 haec
1438 3669 1669 3741 editio
1695 3672 2117 3745 Mediolani
2138 3673 2343 3767 apud
2357 3669 2647 3762 Philip

458 3812 649 3886 pum
683 3789 1144 3887 Lavagniam
1180 3791 1839 3866 Mediolanensem
1877 3805 2076 3879 1478
2107 3795 2240 3871 foL
2358 3797 2454 3868 In
2497 3794 2648 3863 hac

462 3914 792 3985 editione
840 3913 1151 4007 <saltem
1194 3915 1278 3985 in
1322 3915 1673 4007 exemplo
1720 3918 1911 3996 Bibl.
1943 3918 2175 4014 Reg.)
2210 3915 2488 3986 omissa
2532 3928 2660 3984 est

465 4035 849 4131 Philelphi
893 4037 1253 4134 epistola,
1324 4036 1460 4109 sed
1508 4039 1739 4131 priori
1790 4041 1979 4112 adeo
2020 4036 2287 4109 s1m1hs
2315 4050 2489 4119 ,est,
2562 4048 2645 4100 ut

462 4178 616 4227 non
648 4164 883 4253 possit
910 4184 1067 4235 non
1097 4162 1193 4237 ad
1230 4184 1399 4236 eam
1438 4182 1711 4238 excusa
1729 4184 1921 4239 esse.
2023 4156 2499 4236 Paucissimis
2533 4152 2637 4223 lo-
