2859 4700
1422 211 1489 298 2

370 420 848 512 refriget-enm
930 415 1095 489 fieri
1158 430 1418 491 autem
1456 443 1611 491 non
1643 442 1898 514 posse,
1957 435 2044 492 ut
2075 420 2167 494 de
2206 408 2557 494 codicum

372 554 452 610 et
483 539 900 613 editionum
934 544 1304 613 consensu
1332 540 1623 634 ubique
1660 556 2068 630 constaret,
2123 564 2362 635 quum
2393 545 2557 640 ipse

370 683 618 732 unum
670 663 1201 734 tantummodo
1246 663 1588 737 codicem
1639 679 1985 738 accurate
2037 668 2554 759 contulissem,

370 784 729 870 alterum,
800 783 1014 854 cuius
1060 784 1256 858 mihi
1290 787 1509 882 copia
1541 804 1787 877 esset,
1837 788 2236 886 indignum
2276 789 2559 860 iudica-

366 927 557 995 rem,
612 905 747 997 qui
778 904 1058 974 iterum
1094 905 1604 995 conferretur3
1660 909 2235 1005 Oudendorpius
2268 925 2555 1000 autem,

369 1028 503 1121 qui
546 1027 916 1122 plurimos
959 1024 1255 1098 codices
1280 1028 1724 1122 habuisset,
1772 1033 1880 1103 ita
1931 1035 2016 1105 in
2067 1055 2333 1103 eorum
2382 1035 2562 1105 scri-

365 1151 609 1245 pturis
640 1147 1061 1222 indicandis
1092 1168 1427 1227 versatus
1460 1169 1678 1244 esset,
1707 1169 1794 1226 ut
1811 1177 1940 1226 eos
1971 1156 2407 1227 numeraret
2424 1177 2559 1248 po·

367 1277 518 1344 tius
571 1293 803 1364 quam
861 1271 1334 1366 singulorum
1385 1267 1740 1350 codicum
1785 1280 2186 1375 scripturas
2232 1278 2555 1354 afferret.

366 1398 641 1486 Itaque
676 1415 845 1465 rem
883 1392 965 1463 in
991 1393 1295 1466 brevius
1321 1400 1769 1470 contrahere
1801 1401 2055 1489 statui,
2094 1411 2368 1471 utnon
2392 1397 2560 1475 ubi-’e

369 1539 523 1609 que
566 1537 834 1589 omnes
892 1515 1287 1587 editiones-
1311 1523 1777 1608 conferrem,
1846 1522 1980 1591 sed
2028 1540 2157 1590 eas
2209 1535 2328 1590 tot
2369 1520 2563 1591 locis

369 1620 880 1722 consulerem,
935 1650 1024 1705 ut
1056 1636 1168 1706 de
1217 1658 1485 1710 earum
1521 1640 1732 1733 quasi
1764 1639 2058 1709 familia
2090 1639 2309 1717 nulla
2331 1637 2559 1711 dubi·

365 1761 554 1832 tatio
616 1757 1210 1849 relinqueretur,
1322 1761 1494 1834 hoeo
1552 1771 1810 1832 autem
1853 1761 2399 1856 prolegomena
2450 1762 2561 1835 ita

369 1881 825 1955 conficerem
846 1923 870 1966 ,
922 1892 1014 1949 ut
1053 1902 1141 1950 ea
1165 1881 1718 1972 tanmmmodo,
1773 1906 1942 1976 quaa
1973 1882 2170 1954 mihi
2200 1862 2561 1956 certa'es-

368 2017 573 2092 sent,
627 2004 1046 2097 proferrem
1073 2023 1326 2094 neque
1362 2006 1514 2077 nisi
1545 2008 1988 2078 necessitate
2018 2019 2368 2104 urgente,
2421 2026 2561 2079 cur

369 2128 476 2199 ita
507 2126 926 2214 crederem,
961 2126 1327 2219 exemplis
1354 2127 1599 2199 allatis
1632 2130 2083 2222 probarem5
2132 2130 2217 2200 in
2247 2128 2561 2220 reliquis

368 2266 632 2320 autem
676 2248 1085 2321 lectoribus
1131 2250 1689 2340 relinquerem,
1772 2267 2040 2323 utrum
2080 2273 2207 2323 me
2251 2252 2405 2326 fide
2451 2251 2563 2324 di-

369 2394 610 2472 gnum
643 2391 741 2439 an
767 2369 1172 2464 indignum
1199 2370 1568 2441 iudicare
1584 2372 1890 2448 vellent.

636 2483 976 2565 Postulat
1029 2504 1288 2562 autem
1313 2492 1427 2564 rei
1458 2493 1651 2564 ratio
1671 2538 1696 2604 ,
1756 2509 1847 2565 ut
1871 2492 1980 2566 de
2012 2492 2229 2566 Bello
2259 2490 2559 2564 Gallico

371 2629 452 2686 et
482 2613 574 2685 de
605 2613 817 2686 Bello
856 2615 1082 2685 Civili
1119 2616 1526 2708 separatim
1565 2629 1878 2710 agatur;
1932 2639 2117 2687 nam
2155 2618 2563 2704 Commen-

372 2740 598 2812 tarios
637 2736 730 2805 de
780 2735 994 2804 Bello
1025 2735 1570 2825 Alexandrino,
1624 2739 2022 2824 Africano,
2075 2737 2565 2830 Hispaniensi

372 2856 839 2954 nondum-ita
866 2856 1208 2943 tractavi,
1243 2872 1331 2927 ut
1366 2859 1783 2949 quidquam
1814 2858 1910 2928 de
1944 2857 2035 2928 iis
2068 2859 2564 2949 pronunti-are

374 2960 714 3072 audeam.
818 2979 960 3049 Sed
996 2994 1403 3071 antequam
1443 2979 1591 3072 hoc
1622 2978 2049 3074 aggrediar,
2102 3000 2408 3048 necesse
2447 2991 2563 3064 esf.

373 3100 728 3178 editionis
798 3101 1223 3173 Davisianae
1291 3101 1573 3173 horum
1629 3101 2374 3180 Commentariorum
2433 3123 2561 3171 ex·-

375 3227 718 3318 emplum
741 3273 767 3317 ,
820 3226 1027 3317 quod
1059 3227 1244 3297 olim
1274 3226 1338 3295 J.
1377 3229 1467 3298 A.
1507 3223 1825 3298 Fabricii
1859 3224 2030 3313 fuit,
2083 3244 2292 3293 nunc
2324 3220 2407 3290 in
2434 3222 2561 3293 Bi-

375 3347 759 3419 bliotheca
808 3348 1333 3417 Universitatis
1384 3349 1840 3417 Havniensis
1905 3361 2284 3434 servatur,
2354 3366 2561 3417 coma-

374 3488 797 3538 memorare
851 3487 1293 3558 erroresque
1338 3463 1785 3551 nonnullos,
1841 3468 1974 3558 qui
2006 3468 2100 3537 de
2137 3488 2227 3537 eo
2252 3469 2338 3537 in
2370 3468 2565 3539 Ger-

378 3592 634 3663 mania
667 3589 940 3658 versari
977 3588 1373 3682 videntur,
1426 3590 1821 3685 corrigere.

647 3710 956 3781 Etenim
991 3712 1146 3782 iam
1175 3713 1336 3807 ipse
1371 3711 1755 3786 Fabricius
1777 3708 1831 3777 1)
1871 3724 2191 3783 testatus
2224 3726 2424 3800 erat,
2476 3734 2563 3781 se

379 3834 805 3911 Davisianae
849 3835 1159 3906 Caesaris
1211 3837 1527 3908 editioni
1583 3857 1649 3912 a.
1714 3837 1909 3918 1706
1957 3836 2362 3925 adscriptas
2406 3852 2560 3902 ser-

526 4050 579 4118 1)
636 4015 793 4102 'mbr
818 4045 996 4101 Latin.
1021 4045 1152 4101 v01.
1179 4046 1248 4101 11.
1273 4066 1331 4119 p.
1358 4052 1464 4109 194
1486 4046 1571 4101 ed.
1599 4046 1810 4102 Hamb.
1844 4055 1998 4110 1721.
2079 4040 2431 4098 Describitur
2464 4040 2560 4098 hic

650 4140 793 4192 liber
824 4137 882 4191 in
900 4135 1161 4192 Biblioth.
1186 4137 1430 4193 Fabricii
1447 4136 1673 4208 (Hamb.
1689 4138 1948 4206 1738-41)
1975 4134 2044 4189 T.
2059 4134 2159 4191 lv.
2181 4150 2309 4207 pag.
2335 4139 2439 4195 182
2451 4131 2559 4187 No.

530 4259 535 4266 ·
644 4236 741 4296 433
787 4230 850 4288 in
876 4232 1293 4303 Dte-signatione
1328 4239 1623 4287 auctorum
1664 4240 1801 4286 vett.
1834 4247 1957 4281 cum
1983 4227 2144 4282 codd.
2173 4227 2346 4282 MSS.
2372 4222 2562 4279 colla·
2643 4296 2649 4303 Ι
