2859 4700
1241 168 1418 263 127

237 399 481 477 atquo*
509 402 669 452 non
710 368 1273 475 intelligerent3
1342 382 1426 451 in
1476 377 1932 452 editionibus
1971 395 2226 450 autern
2281 390 2420 473 'pro‘

238 511 596 579 donatum
627 505 988 595 seriptum
1017 506 1243 574 fuisse
1278 494 1623 585 donavit.
1691 515 1780 571 ut
1826 500 2053 569 verba
2091 502 2421 572 cohaere-

239 643 452 711 rent3
521 641 812 698 servata
859 641 1114 696 autem
1155 627 1385 731 fuisnse
1428 638 1508 695 et
1539 625 1718 695 aerts
1750 636 1826 691 et
1852 635 2115 714 atque,
2183 640 2424 714 quum

239 750 505 821 hocin
561 747 780 820 codd.
825 748 1334 835 inveniretur,
1403 747 1595 818 illud
1641 756 1896 814 autem
1944 746 2027 814 in
2080 746 2239 820 edd.
2271 747 2427 839 pri·-

241 876 408 948 mis.
514 870 702 956 Sed,
769 887 858 941 ut
889 871 1082 947 mihi
1115 869 1457 955 videtur,
1532 869 1779 939 Caes-{ar
1821 888 1920 934 ne
1960 869 2218 959 potuit’
2259 870 2428 959 qui-

242 996 418 1066 dem
450 993 781 1063 scribere
819 994 1034 1081 ceris,
1106 1000 1390 1084 quum,
1443 1004 1814 1082 quantum
1857 990 2425 1080 equidemsoio,

132 1168 143 1175 -
242 1118 405 1188 eius
443 1127 663 1185 aetate
702 1116 951 1184 omnis
981 1116 1482 1208 pecuniarum
1520 1114 1710 1184 ratio
1745 1113 1836 1183 ad
1865 1113 2244 1182 sestertios
2265 1118 2431 1183 non'

243 1241 335 1311 ad
387 1261 489 1309 oes
527 1236 882 1325 iniretur,
951 1259 1199 1328 neque
1242 1240 1642 1327 quisquam
1690 1236 1841 1304 hoc
1872 1234 2243 1304 vocabulo
2263 1232 2424 1304 hac

250 1361 792 1455 significatione
842 1376 1225 1445 uteretur,
1296 1359 1443 1429 nisi
1492 1360 1553 1428 si
1591 1334 1840 1452 (quod
1884 1356 2085 1449 apud
2118 1356 2428 1429 Livium

253 1503 407 1550 non
436 1505 599 1553 raro
632 1481 914 1551 factum
963 1496 1121 1567 est,
1170 1490 1261 1550 ut
1298 1494 1384 1567 1,
1438 1490 1585 1562 433
1635 1490 1726 1568 3,
1784 1489 1923 1566 13,
1984 1488 2078 1561 83
2151 1486 2241 1567 3,
2296 1491 2426 1567 31,

250 1606 340 1685 63
392 1615 526 1694 22,
575 1614 711 1689 33,
762 1614 852 1688 23
924 1604 1141 1688 alibi)
1192 1602 1288 1673 de
1324 1604 1742 1693 antiquiore
1786 1610 2128 1692 tempore
2179 1620 2431 1671 sermo

253 1740 449 1796 esset
475 1721 550 1800 1).
618 1726 931 1796 Videtur
964 1727 1270 1816 quidem
1303 1724 1679 1793 adversari
1715 1721 1936 1796 Corn.
1975 1725 2162 1815 Nep.
2196 1722 2428 1794 Atiic.

254 1858 345 1927 13
368 1893 389 1933 ,
442 1849 529 1927 6:
580 1871 729 1919 non
765 1851 1088 1943 amplius
1116 1870 1339 1939 quam
1370 1859 1588 1917 terna
1618 1845 1833 1916 milia
1878 1846 2056 1915 oeris
2090 1866 2434 1939 perteque

246 1973 326 2039 in
351 1972 691 2058 singulos
722 1995 998 2043 menses
1035 2007 1136 2024 —-
1169 1984 1330 2040 eum
1360 1992 1749 2073 expensum
1774 1980 2052 2037 sumtuz
2045 1964 2291 2059 ferre
2314 1991 2430 2038 so·

251 2090 519 2170 litum3
581 2090 712 2158 sed
759 2089 970 2162 hunc
1018 2094 1274 2163 locum
1324 2093 1555 2161 etiam
1593 2089 1756 2160 aliis
1788 2087 2230 2158 nominibus
2266 2106 2430 2159 cor·

164 2230 175 2237 ·
249 2222 569 2302 ruptum
597 2208 835 2281 videri
870 2210 1312 2305 interpretes
1330 2220 1821 2282 monuerunt.
1927 2210 2199 2300 Neque
2232 2190 2433 2284 tiuhi

244 2331 500 2424 primo
545 2331 627 2401 in
682 2335 987 2406 Caesaris
1032 2336 1201 2409 loeo
1252 2337 1404 2407 hoc
1424 2316 1920 2406 vocabulum
1989 2340 2432 2426 suspectum

245 2453 436 2536 fuit3
484 2455 639 2524 iam
675 2458 1008 2554 Scaliger
1034 2459 1111 2529 id
1148 2460 1447 2531 uncinis
1482 2458 1815 2546 inclusit,
1869 2475 2099 2548 quem
2136 2453 2432 2529 Daehnc

253 2581 341 2644 et·
366 2579 723 2674 Kreyssig
759 2580 999 2649 secuti
1055 2593 1272 2666 sunt,
1348 2579 1841 2672 eiusdemque
1879 2581 2271 2650 sententiae
2308 2579 2433 2651 (Ξῖ-ὑ

255 2701 603 2769 acconius
648 2714 727 2770 et
773 2701 1042 2771 Morus
1089 2704 1447 2787 fuerunt,
1515 2704 1650 2792 qui
1708 2704 1802 2772 ad
1856 2705 2175 2776 ducenta
2218 2703 2436 2775 milia

254 2817 833 2918 intelligendum
882 2844 1041 2893 esse
1088 2825 1512 2895 sestertium
1563 2835 2047 2902 monuerunt.
2153 2826 2433 2897 Clarke

257 2943 531 3016 codicis
567 2947 815 3017 Ursin.
867 2948 1317 3069 scripturam
1365 2946 1691 3039 recepit,
1759 2969 1990 3037 quam
2022 2949 2255 3018 etiam
2289 2969 2436 3044 ego

245 3068 647 3155 probarem
670 3112 691 3148 ,
765 3070 914 3133 nisi
951 3079 1176 3155 atque
1208 3091 1249 3136 a
1276 3069 1578 3139 librario
1620 3070 1949 3160 eiectum
1996 3087 2156 3136 esse
2194 3070 2434 3161 suspi-

246 3201 490 3260 curer,
550 3178 1009 3248 Marklando
1038 3189 1318 3274 autem,
1372 3194 1504 3278 qui
1527 3187 1679 3258 sibi
1710 3202 2179 3281 persuaserat
2207 3204 2436 3283 atque

247 3321 391 3395 pro
423 3301 709 3393 statzm,
740 3304 1091 3374 contzmco
1114 3281 1256 3376 dici
1277 3317 1491 3400 p'osse
1528 3307 1612 3397 2),
1653 3312 2057 3380 meliorum
2081 3291 2433 3383 codicum

388 3533 444 3603 1)
513 3532 710 3603 Quum
738 3532 903 3591 huius
927 3536 1012 3591 rei
1035 3553 1224 3595 caussa
1246 3539 1483 3596 minime
1509 3540 1750 3599 obscura
1773 3545 1868 3611 sit,
1905 3545 2033 3600 satis
2057 3543 2164 3598 erit
2183 3539 2434 3600 laudasse

522 3624 670 3680 Pfln.
694 3626 768 3680 H.
795 3627 865 3683 N.
887 3636 960 3691 33
984 3645 1031 3684 c.
1054 3639 1095 3693 3
1118 3645 1163 3687 s.
1193 3640 1279 3695 13.
1340 3633 1568 3688 'Locum
1593 3644 1782 3692 autem
1812 3635 2043 3692 Caesaris
2065 3638 2131 3692 B.
2144 3636 2206 3691 Ο.
2233 3646 2282 3703 3,
2313 3647 2437 3706 103,

472 3768 477 3773 .
516 3728 575 3779 1:
611 3718 747 3771 oeris
769 3738 971 3792 magno
991 3725 1232 3793 pondere
1254 3726 1334 3778 ad
1358 3726 1664 3779 militarem
1688 3728 1845 3780 u'sum
1869 3729 1932 3781 in
1970 3747 2142 3785 naves
2175 3731 2435 3802 inposito,

512 3807 626 3863 huc
661 3823 781 3862 non
804 3811 1089 3883 pertinere
1124 3813 1282 3867 facile
1308 3823 1563 3885 apparet.

385 3900 444 3970 2)
513 3900 652 3954 Vide
687 3901 905 3957 Marlffi
935 3904 1190 3977 Eplicatt.
1227 3905 1299 3959 ad
1335 3906 1399 3959 B.
1426 3905 1491 3959 C.
1522 3917 1584 3971 1,
1649 3914 1722 3970 24
1745 3926 1872 3981 pag.
1898 3915 2031 3977 2653
2082 3919 2146 3978 2,
2195 3918 2266 3974 42
2305 3927 2431 3984 pag.

516 3998 647 4057 2693
699 4000 760 4057 3,
811 4001 882 4055 94
907 4012 1037 4066 pag.
1066 3999 1171 4058 27⁰7
1192 4014 1274 4067 sq.
1312 3996 1434 4049 Cfr.
1462 3985 1622 4052 Geli.x
1634 3999 1703 4053 N.
1731 4001 1800 4054 A.
1824 4002 1874 4052 Χ
1892 4041 1905 4063 ,
1942 4007 2038 4065 293
2087 3999 2347 4056 Gronov.
2378 4010 2432 4054 et

515 4082 809 4138 Drakenb.
850 4086 920 4139 ad
956 4085 1076 4139 Liv.
1113 4095 1221 4152 26,‘
1259 4095 1354 4151 39,
1409 4095 1504 4155 163
1568 4091 1700 4143 lntt.
1741 4090 1901 4158 Virg.
1940 4089 2148 4161 Georg.
2189 4103 2255 4159 1,
2298 4100 2429 4161 2033

514 4174 756 4230 Walch.
780 4175 1017 4228 Emend.
1042 4176 1254 4230 Livian.
1278 4195 1404 4250 pag.
1434 4190 1555 4242 102.
