2859 4700
1223 212 1402 302 109

222 425 545 495 ris-inde
587 421 712 494 vel
756 421 1094 492 indidem
1135 433 1213 490 et
1244 421 1450 493 Mori
1483 418 1715 493 idem.
1832 423 2037 493 Tum
2069 425 2407 496 scriben—
2511 422 2518 427 ’

230 547 414 617 dum
470 559 586 615 est
633 562 725 616 ex
773 545 1019 616 Havn.
1071 546 1197 629 A.,
1250 543 1465 619 Leid.
1515 547 1737 637 prim.
1767 589 1816 630 ‚-
1845 545 2132 616 Lovan.
2165 551 2407 619 conti-

224 683 459 741 nuato
505 680 719 739 nocte
758 688 851 736 ae
893 667 1015 736 die
1067 667 1338 736 itinere
1374 661 1470 748 3);
1548 666 1678 737 sed
1708 666 1892 755 quid
1921 667 2197 741 deinde
2229 675 2407 740 scri·

227 793 563 861 bendum
604 791 737 876 sit,
819 787 1233 861 admodum
1284 788 1609 859 dubium
1656 801 1790 856 est.
1893 790 1993 858 In
2052 791 2405 861 omnibus

222 913 433 986 codd.
467 929 544 982 et
581 913 752 982 edd.
789 912 1008 1004 prim.
1056 909 1335 1005 legitur
1365 924 1592 1001 atque
1625 910 1785 998 (vel
1815 933 1906 982 ae
1940 906 2040 998 4))
2069 917 2408 987 omnibus

223 1037 457 1129 copiis
489 1037 808 1105 mutatis
860 1034 963 1103 ad
1006 1035 1463 1105 celeritatem
1492 1035 1879 1123 iumentis,
1932 1038 2036 1105 ad
2069 1022 2408 1131 Pompei-

218 1183 343 1228 um
381 1157 789 1240 contendit,
847 1170 934 1225 ut
965 1149 1019 1216 5)
1049 1156 1302 1227 adesse
1320 1158 1677 1251 Caesarem
1707 1159 2125 1233 nunciaret.
2195 1160 2409 1229 Ferri

216 1303 377 1348 non
431 1298 652 1369 posse
701 1254 1051 1349 omnibus
1089 1280 1325 1371 copiis
1375 1278 1600 1349 facile
1655 1279 2099 1370 apparebat,
2201 1280 2406 1351 unde

217 1402 510 1471 foetum
546 1414 693 1484 est,
765 1414 856 1469 ut
904 1401 1074 1470 edd.
1111 1400 1407 1471 Aldinae
1457 1415 1535 1468 et
1576 1416 1749 1491 post
1792 1421 1914 1467 eas
1946 1421 2207 1470 omnes
2240 1400 2408 1474 haeo

217 1521 463 1609 verba„
501 1521 698 1590 infra
749 1521 1242 1594 collocarent:
1328 1523 1587 1593 adesse
1639 1526 2000 1594 Caesarem
2063 1524 2408 1594 omnibus
2500 1598 2504 1613 ⁸

220 1645 463 1736 copiis
491 1645 905 1715 nunciaret.
978 1643 1132 1714 Sed
1171 1667 1265 1713 ne
1297 1644 1448 1717 hoc
1481 1644 1792 1734 quidem
1822 1644 1990 1713 loco
2022 1644 2201 1714 ferri
2238 1667 2407 1737 pos«⁵

222 1782 445 1835 sunt:
497 1766 831 1856 primum
869 1767 1071 1835 enim
1120 1765 1403 1835 falsum
1460 1777 1617 1851 est,
1692 1766 2063 1835 Caesarem
2110 1786 2287 1837 cum
2330 1787 2408 1836 o·

211 1887 517 1957 mnibus
537 1886 771 1979 copiis
792 1888 1073 1972 adesse,
1105 1885 1377 1959 deinde
1397 1904 1859 1982 magnopere
1885 1887 2183 1976 dubim,
2211 1908 2406 1961 num

188 2009 487 2077 —Latine
522 2009 668 2077 dici
702 2009 935 2097 possit
963 2010 1217 2077 adesse
1244 2008 1590 2076 omnibus
1623 2003 1986 2099 copiisfi).
2094 2008 2406 2079 Ouden-

262 2236 267 2240 ’
356 2238 414 2309 3)
482 2237 625 2292 Edd.
665 2255 863 2294 omnes
896 2249 954 2292 et
988 2250 1147 2295 nocte
1184 2250 1243 2293 et
1275 2242 1368 2293 die
1382 2248 1436 2304 ,·‘
1466 2239 1562 2295 sed
1588 2240 1749 2312 prius
1784 2250 1844 2294 et
1868 2258 1902 2294 a
1926 2239 2211 2314 plerisque
2237 2240 2404 2309 codd„-

483 2328 674 2386 abesse
698 2338 934 2386 testatur
956 2329 1132 2400 Oud.;
1172 2331 1321 2386 Leid.
1346 2349 1453 2387 sec.
1479 2341 1534 2388 et
1557 2334 1742 2388 Dorv.
1764 2342 1936 2406 atque
1965 2331 2232 2392 die.—B.
2259 2329 2323 2387 C.
2349 2339 2410 2401 3,

484 2428 584 2487 36,
616 2427 654 2484 8
681 2423 773 2475 die
798 2442 867 2477 ac
892 2433 1053 2476 nocte
1067 2443 1090 2486 ,·
1147 2422 1268 2477 Liv.
1294 2431 1389 2491 27,
1424 2431 1492 2491 4,
1528 2433 1598 2487 12
1625 2426 1771 2478 diem
1802 2442 1873 2477 ac
1901 2433 2134 2478 noctem.
2389 2409 2400 2420 '

351 2514 408 2583 4)
479 2524 651 2584 atque
679 2515 842 2568 estin
868 2515 1057 2570 Havn.
1083 2515 1168 2583 A„
1210 2514 1425 2584 Cuiam,
1475 2517 1667 2571 Petav.
1681 2555 1696 2583 ‚
1734 2515 1858 2570 edd.
1883 2513 2059 2588 priui-
2076 2541 2150 2558 -
2171 2533 2240 2571 ae
2263 2514 2406 2583 Palq'

484 2603 667 2674 Bong-
688 2612 818 2659 tert·

216 2757 233 2776 τ
346 2691 408 2762 5)
478 2702 537 2752 et
555 2693 772 2750 habent
795 2696 946 2758 Leid-
972 2695 1142 2768 prim.
1170 2708 1224 2762 et
1246 2699 1435 2753 Havn.
1458 2698 1556 2767 A.;
1605 2696 1702 2752 sed
1725 2706 1783 2768 et
1807 2704 1973 2770 atque
1999 2709 2062 2753 ut
2086 2714 2226 2778 saepe
2257 2709 2403 2753 con-⁴

480 2779 803 2839 funduntur
830 2805 864 2840 a
888 2787 1162 2857 librarjis3
1207 2790 1283 2844 sic
1311 2802 1342 2852 1
1361 2831 1375 2856 ,
1419 2797 1491 2851 24
1507 2831 1522 2856 ,
1570 2795 1604 2851 5
1630 2805 1740 2861 pro
1767 2801 1822 2842 et
1848 2791 2152 2843 communis
2186 2789 2401 2845 salutis
2439 2827 2456 2836 -

475 2875 628 2930 Leid.
655 2878 843 2950 prim„
878 2879 1067 2933 Ham.
1094 2880 1179 2946 A„
1209 2880 1431 2935 Lovan.·
1450 2879 1667 2934 hahent
1690 2889 1756 2931 ut
1785 2898 1922 2935 com.
1949 2880 2062 2935 sal.

344 2965 401 3037 6)
472 2967 600 3022 Scio
626 2968 884 3040 equidem
911 2979 965 3024 et
978 2969 1255 3026 Caesarem
1281 2981 1337 3025 et
1360 2970 1501 3026 alios
1525 2971 1830 3043 scriptores
1853 2969 2402 3052 nudumablativum

469 3058 710 3113 iunxisse
737 3060 928 3114 verbis
947 3063 1386 3129 proficiscendi,
1425 3061 1792 3123 transeundi,
1822 3062 2268 3129 progrediendi,
2299 3079 2400 3114 ve—

475 3151 676 3200 niendi
695 3187 711 3212 ,
746 3150 1045 3215 sequendi,
1080 3146 1355 3198 similibus
1379 3145 1512 3213 (vid.
1537 3144 1833 3199 Drakenb.
1865 3147 1936 3198 ad
1959 3146 2081 3199 Liv.
2105 3158 2165 3213 1,
2203 3155 2298 3214 14,
2337 3153 2401 3214 '7'3

473 3244 598 3300 22,·
631 3241 699 3300 9,
749 3242 816 3302 5;
878 3235 1012 3289 Intt.
1051 3234 1121 3289 ad
1160 3227 1294 3288 Sall.
1327 3233 1490 3288 Catil.
1529 3242 1627 3301 57,
1677 3240 1743 3302 ‚43
1807 3235 2063 3289 Perizon.
2106 3237 2178 3291 ad
2212 3240 2400 3292 Sanct-

477 3324 623 3380 Min.
653 3325 763 3391 lv,
798 3332 834 3388 6
861 3344 919 3398 p.
944 3332 1051 3389 689
1074 3324 1160 3379 ed.
1188 3324 1422 3379 Amstel.
1450 3333 1615 3393 1714;
1653 3325 1799 3381 Oud.
1826 3325 1897 3380 ad
1924 3325 2057 3381 Caes.
2079 3328 2144 3380 Β.
2171 3328 2243 3383 G.
2266 3338 2319 3393 2,
2343 3335 2401 3396 7,

476 3422 538 3482 33
599 3416 822 3488 Herzog
846 3416 917 3471 ad
938 3418 1001 3471 Β.
1033 3417 1104 3471 G.
1135 3415 1182 3484 1',
1223 3422 1292 3480 53
1319 3435 1375 3489 p.
1401 3424 1533 3485 1033
1570 3425 1635 3484 2,
1670 3425 1708 3480 7
1731 3434 1861 3490 pag.
1887 3423 2015 3486 1163
2064 3417 2212 3472 Held
2239 3420 2309 3474 ad
2332 3421 2398 3473 B.

479 3505 544 3560 C.
572 3518 619 3572 1,
655 3514 723 3569 41
751 3525 879 3579 pag.
905 3515 975 3571 56
1002 3508 1086 3563 ed.
1110 3525 1243 3575 sec-3
1296 3509 1513 3579 Zumpt
1534 3506 1654 3560 Lat.
1682 3507 1944 3560 Gramm.
1970 3525 2020 3562 c.
2043 3516 2144 3573 74,
2183 3519 2250 3572 11
2278 3518 2399 3564 not.

475 3605 512 3658 2
534 3600 565 3665 ᾗ
589 3604 694 3660 473
718 3616 841 3670 pag.
868 3602 1022 3669 389);
1057 3598 1155 3654 sed
1181 3597 1409 3653 nullum
1439 3598 1763 3670 exemplum
1790 3598 1904 3651 vidi
1920 3639 1934 3664 ,
1982 3599 2083 3653 ubi
2126 3600 2399 3656 eiusmodi

476 3687 752 3744 ablativus
774 3688 1040 3760 iungatur
1058 3689 1261 3755 verbis,
1291 3706 1412 3759 quae
1439 3688 1687 3761 quietem
1708 3687 2023 3760 significant
2047 3693 2203 3762 (nam
2229 3692 2399 3748 etiam

476 3777 598 3832 Liv.
622 3787 672 3845 3,
711 3787 797 3846 23,
836 3791 868 3843 1
894 3780 1114 3854 reliquo
1141 3781 1392 3832 exercitu
1428 3782 1584 3833 haud
1602 3781 1810 3852 procul
1850 3783 2135 3836 moenibus
2162 3783 2398 3840 Tusculi

474 3872 776 3923 considunt
804 3851 885 3925 ‘de
925 3880 1085 3924 motu
1111 3868 1376 3942 explicari
1403 3874 1622 3941 potest).
1689 3871 1923 3927 Heldius
1954 3873 2182 3944 quidem
2223 3872 2279 3940 (l.
2307 3872 2398 3940 α),

430 3999 435 4004 .
472 3959 571 4029 qui
597 3959 748 4014 hunc
779 3959 1086 4015 ablativum
1115 3960 1326 4032 optime
1353 3961 1639 4029 tractavit,
1677 3966 1873 4016 adesse
1903 3964 2085 4032 copiis
2103 3953 2189 4013 ¹ita
2214 3960 2397 4031 expli-

476 4049 721 4104 candum
745 4062 948 4116 censet,
987 4052 1142 4124 quasi
1171 4060 1309 4104 esset
1335 4055 1648 4121 advenisse,
1691 4054 1858 4125 quod,
1894 4051 1939 4105 si
1963 4050 2118 4102 locus
2142 4050 2395 4121 alioquin

476 4158 585 4212 pro
611 4158 746 4194 sano
773 4142 1064 4196 habendus
1094 4152 1256 4208 esset,
1293 4142 1527 4196 fortasse
1553 4143 1769 4197 serrem
1786 4185 1797 4207 ,
1850 4157 2006 4196 nunc
2030 4148 2221 4194 autem
2244 4139 2393 4196 hanc

478 4230 743 4302 loquendi
778 4231 1086 4288 formulam
1109 4251 1229 4288 non
1256 4232 1441 4289 iudico
1469 4234 1727 4290 Latinam
1762 4243 1893 4288 esse.
