2859 4700
1422 211 1489 299 2

371 421 849 513 refugerent3
931 416 1097 489 fieri
1159 430 1420 492 autem
1456 442 1612 490 non
1644 441 1898 514 posse,
1956 435 2045 492 ut
2075 419 2167 493 de
2206 408 2557 493 codicum

372 555 453 611 et
484 539 901 613 editionum
934 546 1304 613 consensu
1333 540 1624 634 ubique
1660 556 2069 630 constaret,
2123 563 2362 634 quum
2394 544 2558 639 ipse

371 684 618 732 unum
670 663 1200 734 tantummodo
1247 664 1589 736 codicem
1640 678 1986 738 accurate
2037 667 2556 757 contulissem,

371 785 731 872 alterum,
800 783 1015 855 cuius
1061 783 1256 858 mihi
1291 787 1510 881 copia
1541 803 1787 876 esset,
1839 788 2237 885 indignum
2277 788 2560 859 iudica·

367 928 558 995 rem,
612 905 747 997 qui
778 905 1058 979 iterum
1095 905 1605 995 conferretu13
1660 909 2238 1005 Oudendorpius
2270 924 2556 999 autem,

370 1028 505 1121 qui
548 1027 917 1122 plurimos
960 1025 1256 1098 codices
1280 1028 1725 1120 habuisset,
1772 1033 1881 1102 ita
1933 1035 2017 1105 in
2068 1054 2333 1102 eorum
2383 1034 2563 1105 scri-

367 1151 610 1246 pturis
641 1148 1063 1222 indicandis
1093 1169 1428 1229 versatus
1462 1169 1679 1244 esset,
1708 1170 1796 1226 ut
1813 1177 1941 1226 eos
1971 1154 2409 1227 numeraret
2426 1175 2561 1247 po-

368 1277 520 1345 tius
571 1293 805 1364 quem
862 1271 1335 1366 singulorum
1386 1266 1742 1350 codicum
1786 1280 2188 1375 scripturas
2234 1278 2556 1354 afferret.

368 1399 643 1486 Itaque
678 1415 847 1467 rem
884 1392 966 1463 in
992 1393 1295 1466 brevius
1323 1400 1770 1470 contrahere
1802 1400 2057 1489 statui,
2095 1410 2190 1471 ut
2210 1420 2369 1468 nen
2394 1396 2562 1473 ubi·-

370 1539 525 1609 que
568 1537 834 1589 omnes
893 1515 1289 1586 editiones
1312 1523 1778 1629 conferrem,
1847 1522 1982 1591 sed
2029 1538 2160 1589 ees
2211 1526 2330 1589 tot
2371 1519 2565 1590 locis

371 1620 881 1722 consulerem,
935 1649 1026 1704 ut
1058 1635 1170 1706 de
1218 1658 1487 1710 earum
1523 1640 1734 1731 quasi
1765 1638 2059 1708 familia
2091 1638 2311 1717 nulle
2331 1636 2561 1710 dubi·-

367 1761 556 1832 tatio
618 1758 1211 1848 relinqueretur,
1323 1760 1494 1834 hoec
1554 1773 1811 1832 autem
1855 1760 2401 1856 prolegomena
2453 1761 2563 1833 ita

371 1881 826 1955 conficerem
848 1923 872 1966 ,
925 1891 1016 1948 ut
1054 1901 1142 1950 ea
1165 1881 1720 1972 tantummodo,
1775 1905 1943 1975 quoe
1975 1882 2172 1953 mihi
2201 1860 2563 1955 certa'es-

370 2017 575 2092 sent,
628 2004 1047 2097 proferrem
1074 2020 1328 2094 neque
1366 2006 1516 2077 nisi
1547 2008 1989 2077 necessitate
2020 2018 2369 2103 urgente,
2423 2026 2563 2078 cur

371 2129 478 2199 ita
509 2126 928 2212 crederem,
963 2126 1329 2227 exemplis
1356 2126 1601 2199 allatis
1634 2129 2081 2221 probarem·
2061 2172 2085 2214 ,
2134 2129 2220 2199 in
2249 2127 2564 2219 reliquis

371 2266 635 2320 eutem
679 2248 1088 2322 lectoribus
1133 2249 1691 2341 relinquerem,
1775 2266 2042 2323 utrum
2082 2272 2209 2322 me
2254 2250 2408 2324 fide
2454 2250 2566 2323 di-

372 2394 612 2472 gnum
646 2360 743 2439 an
769 2368 1173 2463 indignum
1202 2370 1570 2441 indicere
1587 2371 1892 2447 vellent.

638 2483 978 2564 Postulat
1018 2503 1290 2562 antem
1316 2492 1429 2563 rei
1460 2493 1653 2563 ratio
1674 2538 1699 2604 ,
1757 2509 1849 2565 ut
1873 2492 1984 2565 de
2015 2491 2231 2565 Bello
2262 2490 2562 2563 Gallico

374 2630 454 2685 et
485 2613 576 2685 de
607 2613 820 2685 Bello
859 2614 1087 2685 Civili
1121 2615 1529 2708 separatim
1570 2621 1880 2710 egetur,
1936 2638 2118 2687 nem
2158 2617 2566 2704 Commeni-

374 2739 602 2812 tarios
639 2736 734 2804 de
783 2735 997 2804 Bello
1027 2736 1573 2823 Alexandrino,
1627 2739 1985 2816 Africano
2000 2783 2025 2823 ,
2078 2737 2568 2829 Hispaniensi

375 2855 842 2954 nondumdta
869 2855 1210 2942 tractavi,
1246 2871 1335 2926 ut
1368 2858 1785 2949 quidquam
1817 2857 1913 2927 de
1947 2855 2038 2927 iis
2070 2858 2565 2948 pronunti-are

377 2979 717 3073 audeam.
821 2979 963 3049 Sed
999 2993 1406 3069 antequam
1446 2978 1593 3072 hoc
1624 2977 2052 3074 aggredier,
2104 2998 2412 3047 necesse
2449 2989 2565 3062 est

376 3093 731 3180 editionis
801 3101 1224 3173 Davisia-nae
1293 3101 1576 3173 horum
1631 3097 2378 3180 Commentariorum
2437 3121 2565 3169 ex-

379 3227 721 3318 emplum
745 3273 770 3317 ,
823 3224 1028 3316 quod
1062 3226 1247 3296 olim
1277 3226 1342 3295 J.
1380 3228 1471 3297 A.
1511 3223 1827 3298 Fabricii
1862 3223 2033 3312 fuit,
2087 3244 2296 3293 nunc
2328 3220 2411 3292 in
2438 3221 2565 3293 Bi-

379 3339 763 3419 bliotheca
812 3347 1336 3417 Universitatis
1387 3348 1843 3416 Hevniensis
1909 3360 2287 3433 servatur,
2358 3366 2566 3417 com-'-

378 3487 802 3538 memorare
855 3487 1297 3558 erroresque
1342 3463 1788 3551 nonnullos,
1845 3467 1978 3558 qui
2009 3467 2103 3537 de
2141 3488 2232 3537 eo
2256 3469 2342 3537 in
2374 3468 2569 3539 Ger·-

382 3591 638 3662 mania
670 3589 944 3658 versari
981 3588 1376 3680 videntur,
1430 3590 1825 3685 corrigere.

650 3711 958 3780 Etenim
994 3711 1150 3782 iam
1180 3713 1339 3807 ipse
1374 3712 1760 3785 Fabricius
1781 3708 1835 3777 1)
1874 3724 2196 3783 testatus
2229 3717 2429 3800 eret,
2481 3733 2565 3781 se

383 3834 809 3911 Davisianae
853 3835 1164 3905 Caesaris
1215 3834 1532 3908 editioni
1587 3858 1653 3911 a.
1717 3837 1913 3918 1706
1961 3835 2366 3924 adscriptas
2410 3849 2564 3901 ser-‘

530 4050 583 4117 1)
639 4013 798 4101 ‘Bibh
822 4044 1001 4101 Latin.
1026 4045 1156 4102 v01.
1183 4046 1252 4100 11.
1278 4065 1336 4119 p.
1363 4053 1468 4109 194
1491 4046 1576 4100 ed.
1603 4047 1815 4102 Hamh.
1848 4055 2002 4110 1721.
2083 4040 2435 4098 Describitur
2469 4039 2564 4109 hic

653 4139 797 4191 liber
828 4137 886 4191 in
904 4138 1165 4193 Biblioth.
1189 4136 1436 4192 Fabricii
1451 4138 1677 4208 (Hamb.
1694 4138 1952 4205 1738-41)
1980 4132 2164 4191 T.1V.
2185 4149 2313 4206 pag·
2340 4137 2443 4194 182
2456 4129 2564 4185 Ne.

534 4257 539 4264 ·
649 4235 745 4295 433
791 4229 854 4286 in
880 4232 1297 4304 Designatione
1332 4240 1628 4287 auctorum
1669 4240 1806 4286 vett.
1838 4246 1961 4281 cum
1987 4227 2149 4298 codd.
2178 4226 2350 4282 MSS.
2376 4221 2567 4277 colla·
2647 4295 2654 4302 .
