2859 4700
1414 130 1540 231 56

393 362 595 441 sunt,
624 344 752 419 sed
775 346 937 416 sine
966 346 1197 419 dubio
1234 347 1508 439 saepius
1539 367 1630 416 ex
1663 345 2098 419 coniectura
2119 343 2567 417 emendatae.

394 472 473 543 V
463 477 816 543 ascosana
864 466 1101 539 editio
1149 466 1242 538 ad
1294 470 1645 545 meliores
1698 467 1964 559 utique
1998 468 2367 561 pertinet,
2437 466 2576 538 sed

391 592 708 687 glosssas
741 589 833 661 ab
867 590 1218 662 Iucundo
1250 592 1526 665 eiectas
1560 613 1718 662 non
1747 611 1917 663 raro
1964 591 2250 691 retulit.
2301 590 2577 663 Manu.-

390 712 547 783 tius
592 713 814 805 plura
861 735 967 817 exj
1003 712 1315 810 ingenio
1344 735 1575 806 quam
1606 735 1698 784 ex
1739 713 1949 784 libris
1984 726 2313 782 mutasse
2362 712 2586 784 vide--

393 848 561 921 tur3
631 834 861 931 quod!
885 833 1092 906 idem
1137 835 1590 930 plerumque
1625 836 1720 908 de
1750 837 2011 929 Lipsio
2056 851 2134 907 et
2174 836 2582 926 Scaligero

392 954 614 1029 valet.
742 959 1307 1051 Oudendorpius
1351 961 1433 1030 in
1466 959 1587 1029 his
1648 957 1861 1031 libris
1892 957 1988 1028 de
2036 957 2425 1035 codicibus
2456 980 2582 1029 re-

394 1079 588 1150 ctius
614 1078 1003 1170 iudicavit,
1055 1102 1288 1173 quam
1324 1081 1404 1151 in
1438 1080 2002 1175 commentariis
2037 1079 2235 1175 deB.
2265 1080 2388 1167 G„
2439 1079 2588 1155 sed

392 1200 774 1295 permulta
821 1203 1054 1281 etiam
1102 1227 1195 1272 ex
1239 1203 1460 1281 codd.
1481 1203 1963 1275 „restituenda
1999 1204 2259 1275 futuro
2304 1200 2588 1273 editori

394 1323 727 1416 reliquit.
843 1327 1005 1397 Hos
1053 1324 1284 1399 duces
1335 1327 1785 1420 plerumque
1858 1334 2274 1417 sequuntur
2317 1323 2582 1411 iidem,

394 1446 530 1539 qui
560 1470 785 1540 supra
822 1447 1007 1522 dicti
1037 1465 1237 1521 sunt.
1350 1450 1524 1522 Sola
1568 1450 1694 1520 hic
1738 1472 2077 1520 seorsum
2122 1468 2585 1541 commemo-

395 1570 631 1651 randa
677 1585 792 1638 est
812 1570 884 1642 Ι.
918 1571 994 1645 C.
1035 1570 1299 1640 Heldii
1344 1570 1579 1637 editio
1613 1572 2338 1640 commentariorum
2369 1571 2464 1641 de
2489 1570 2581 1644 Bu

396 1691 524 1773 C„
585 1686 930 1775 Sulzbaci,
978 1695 1214 1770 1822,
1269 1694 1360 1767 83
1420 1683 1637 1755 cuius
1679 1686 2006 1755 secunda
2042 1688 2274 1759 editio
2302 1690 2585 1779 prodiit
2647 1712 2650 1715 ·

393 1806 577 1882 ibid.
621 1813 858 1896 1827,
913 1790 985 1890 8.
1049 1808 1282 1876 Hunc
1321 1825 1464 1898 ego
1514 1805 1764 1875 virum
1811 1825 1906 1871 ex
1940 1806 2291 1875 omnibus
2323 1829 2586 1878 recen-

396 1928 718 2001 tioribus
772 1927 1081 1999 Caesaris
1130 1927 1546 1998 editoribus
1589 1925 1903 1998 maximi
1947 1926 2190 2037 facim
2259 1948 2431 2018 quae
2485 1925 2582 2012 de

402 2051 710 2123 Caesaris
739 2050 985 2120 verbis
1014 2048 1509 2151 emendandis
1543 2050 1867 2136 monuit,
1920 2062 2098 2117 sunt
2127 2048 2586 2138 plerumque

400 2175 728 2267 optima,
798 2190 877 2245 et
926 2173 987 2243 si
1036 2172 1375 2246 Oberlini
1421 2148 1945 2244 recensionem
1994 2190 2152 2240 non
2203 2182 2587 2260 repetere,

401 2297 533 2367 sed
567 2297 873 2387 saepiu5‚
929 2317 1160 2386 quam
1193 2296 1489 2374 factum
1527 2308 1677 2382 est,
1750 2291 2159 2366 emendare
2192 2289 2585 2377 voluisset,

403 2419 684 2511 optima
736 2417 997 2507 utique
1035 2416 1268 2486 editio
1325 2417 1585 2486 futura
1618 2416 1890 2488 fuisset
1910 2410 2034 2492 39).
2135 2414 2428 2505 Saepius
2481 2428 2592 2484 ta-

401 2564 586 2611 men
622 2542 783 2611 eius
808 2561 975 2628 'non'
1003 2537 1253 2640 minus
1280 2559 1511 2630 quam
1545 2540 1866 2610 aliorum
1897 2539 2318 2610 sententias>
2338 2557 2590 2628 repre-

403 2664 682 2746 hendi3
746 2663 891 2732 feci
928 2661 1071 2730 hoc
1103 2683 1278 2731 meo
1310 2662 1642 2752 quodam
1670 2662 1877 2749 iure,
1953 2675 2042 2732 ut
2069 2659 2266 2731 mihi
2300 2658 2591 2751 videor,

401 2806 654 2873 neque
693 2786 851 2852 scio
878 2780 1186 2851 omnino
1208 2826 1230 2867 ,
1287 2783 1474 2872 quid
1511 2783 1716 2855 aliud
1742 2784 1992 2855 facere
2031 2784 2093 2854 is
2126 2784 2356 2876 possit
2378 2828 2401 2870 ‚
2458 2782 2632 2873 qui.

406 2905 677 2975 verum
723 2901 1251 2982 tantummodo
1282 2919 1611 2993 quaerat3
1680 2926 1867 2976 nam
1915 2906 1985 2981 si
2016 2906 2214 2976 bona
2266 2920 2448 2976 sunt
2497 2925 2591 2974 ea

408 3030 710 3117 omnia,
783 3048 953 3120 quae
1001 3025 1130 3096 alii
1173 3025 1683 3115 monuerunt,
1769 3050 1901 3099 cur
1949 3029 2091 3122 ipsi
2136 3024 2588 3102 scribimus?

412 3155 595 3225 Haec
642 3168 921 3232 autem*
949 3172 1213 3221 eorum
1263 3173 1521 3223 caussa
1555 3151 1875 3224 dicenda
1907 3152 2217 3246 putavi,
2289 3148 2421 3241 qui
2449 3158 2584 3216 aut

412 3298 566 3345 non
597 3275 916 3345 credunt
958 3287 1090 3343 aut
1119 3296 1274 3344 non
1312 3275 1620 3346 credere
1652 3297 1732 3345 se
1766 3275 2166 3363 simulant,
2226 3273 2389 3346 fieri
2419 3290 2592 3370 1³⁰⁵?

413 3420 490 3467 se
518 3442 541 3484 ‚
598 3411 686 3465 ut
719 3396 1120 3487 quisquam
1142 3395 1349 3477 ‘alios
1390 3385 1918 3487 reprehendat,
1972 3398 2118 3466 nisi
2147 3397 2354 3468 idem
2379 3414 2594 3468 arro-

304 3591 307 3596 ,
414 3542 602 3609 gans
642 3520 741 3588 sit
768 3532 844 3588 et
878 3518 1214 3592 virorum
1242 3518 1847 3596 doctissimorum
1883 3521 2336 3612 magistrum
2360 3540 2440 3592 se
2470 3538 2598 3590 ex-

415 3639 696 3724 hibeat,
737 3634 930 3732 falli
951 3641 1277 3712 nescium
1305 3635 1431 3709 40),
2575 3661 2582 3666 ·

524 3879 616 3949 39)
684 3871 804 3932 Csr.
830 3875 1046 3931 Mosei-i
1082 3876 1150 3929 de
1176 3876 1283 3933 hoc
1313 3878 1461 3935 libro
1486 3879 1753 3938 iudicium
1778 3881 1841 3937 in
1863 3879 2443 3953 Annal.Heidelberg·
2461 3880 2600 3946 1828

688 3987 767 4024 m.
799 3966 952 4023 Maio
975 3985 1100 4041 pag.
1125 3975 1385 4035 510-518

522 4064 615 4132 40)
683 4060 803 4115 Cir.
825 4060 1038 4117 Moser-i
1060 4060 1278 4117 Praesat.
1317 4064 1387 4117 ad
1414 4062 1529 4128 Cic.
1551 4064 1621 4121 do
1647 4065 1835 4124 Divin.
1878 4072 1933 4118 et
1955 4063 2022 4119 de
2048 4063 2184 4119 Fato
2212 4058 2499 4131 (Francos.
2530 4058 2600 4113 ad

683 4154 873 4209 Moen.
903 4160 1064 4221 1828,
1112 4156 1168 4227 8)
1192 4172 1318 4229 pag·
1346 4157 1471 4213 vn.
