2859 4700
1377 157 1558 248 130

378 386 548 463 post
576 373 674 455 (c.
709 378 839 448 18)
873 365 1197 463 legimus
1229 390 1250 437 ε
1320 366 1822 460 Adstrepebat
1854 368 2129 461 vulgus
2150 424 2171 464 ‚
2239 372 2559 445 diversis

378 490 922 574 incitamentis-3
972 489 1059 559 hi
1087 487 1478 561 verberum
1507 500 1761 578 notas,
1818 491 1945 559 illi
1979 494 2355 581 canitiem,
2390 500 2560 592 plu·

376 616 558 687 rimi
588 612 871 682 detrita
903 612 1233 702 tegmina
1267 623 1342 681 et
1372 612 1680 682 nudum·
1707 630 1986 704 corpus
2008 617 2564 709 exprobrantes.

379 734 697 806 Videtur
738 746 999 802 tamen
1041 732 1193 802 hoc
1223 745 1486 826 postea
1519 732 1663 802 sub
1695 733 2269 824 imperatoribus
2317 758 2561 813 muta·

379 869 548 926 tum
579 876 737 924 esse
767 876 794 938 3
849 855 1123 926 saltem
1157 852 1585 925 Alexander
1613 854 1932 924 Severus
1963 861 2119 948 (ap.
2139 859 2301 932 Ael.
2332 864 2562 936 Lam..

381 978 568 1072 prid.
611 977 694 1047 in
721 976 868 1048 Vit.
913 975 1125 1051 Alex.
1161 977 1327 1051 Sev,
1352 999 1413 1050 c.
1450 957 2009 1071 52)‘·seditiosos
2046 977 2321 1048 milites
2349 982 2565 1053 iubet

381 1123 626 1171 vocem
662 1109 925 1169 contra
957 1120 1296 1170 eum-non
1324 1100 1686 1188 emittere,
1740 1099 1877 1186 qui
1904 1112 2278 1192 acceptam
2310 1126 2359 1173 a
2375 1078 2562 1196 Apro.

382 1198 839 1313 vincialibus
902 1241 1267 1291 annonam
1285 1264 1309 1307 ,
1399 1222 1535 1311 qui
1610 1231 1921 1305 vestem,
1996 1222 2132 1309 qui
2194 1225 2565 1315 stipendi-a

381 1344 570 1439 ipsis
582 1341 1000 1425 attribuam
1030 1340 1389 1432 idemque
1410 1340 1503 1432 (1.
1523 1361 1586 1409 c.
1607 1361 1765 1431 cap.
1793 1340 1933 1431 39)
1965 1341 2243 1412 dicitur
2258 1344 2567 1415 donasse

383 1479 475 1541 et.
493 1486 748 1536 ocreas
784 1474 855 1531 et
884 1464 1194 1537 braccas
1230 1476 1304 1535 et
1344 1464 1844 1535 calceamenta
1886 1462 2087 1534 inter
2136 1468 2567 1539 vestimenta

385 1587 777 1661 militaria.
898 1584 1046 1656 Sed
1101 1585 1232 1659 hic
1295 1585 1393 1656 de
1446 1585 1757 1658 Caesaris
1823 1599 2040 1655 aetate
2088 1588 2568 1681 potissimum

385 1709 818 1799 querimus,
1140 1772 1147 1775 .

302 1804 325 1823 ⁹
653 1828 838 1898 Haec
890 1826 1001 1898 de*
1036 1826 1506 1899 vestimentis
1555 1826 1891 1896 militum
1952 1827 2037 1897 in
2085 1826 2567 1917 universum3

387 1952 539 2051 iam
593 1948 765 2020 illos
814 1949 1020 2022 locos
1076 1949 1435 2038 afferam,
1522 1946 1729 2019 unde
1786 1962 2032 2017 vestes
2083 1953 2575 2041 praemiorum

387 2073 558 2147 loco
589 2064 964 2142 militibus
998 2070 1210 2142 datas
1245 2071 1478 2142 fuisse
1523 2068 2021 2142 concludunt.
2118 2071 2567 2143 Ciacconius

391 2209 474 2265 et
503 2192 808 2264 Vossius
855 2190 1169 2264 laudant
1196 2193 1361 2264 Liv·
1399 2202 1454 2274 7
1469 2237 1493 2281 2
1559 2200 1704 2279 37,
1776 2203 1864 2269 2³
1929 2193 2259 2277 milites,
2324 2197 2460 2283 qui
2489 2193 2568 2263 in

382 2317 735 2412 prasidio
781 2318 1008 2387 simul
1033 2310 1438 2409 fuerant,'
1461 2315 1749 2407 duplici
1780 2310 2170 2408 frumento
2199 2309 2256 2379 7)
2290 2316 2371 2386 in
2401 2335 2565 2408 per-

384 2453 724 2535 petuum,
781 2440 861 2510 in
887 2439 1284 2533 proesentia
1308 2439 1628 2529 singulis
1658 2438 1896 2507 bubus
1947 2438 2282 2527 binisque
2328 2435 2568 2528 privis

393 2563 672 2634 tunicis
708 2560 996 2630 donati.
1104 2559 1255 2631 Sed
1310 2559 1462 2629 hoc
1509 2560 1889 2654 singulare
1922 2561 2151 2631 fuisse
2191 2577 2294 2625 ex
2324 2553 2575 2624 verbis

391 2685 573 2778 ipsis
610 2696 993 2775 apparet„
1026 2679 1257 2771 idque
1293 2684 1380 2755 A.
1417 2679 1641 2749 Corn.
1681 2681 1987 2765 Cossus,
2064 2677 2328 2750 consul
2376 2677 2469 2768 (a.
2498 2697 2576 2743 us

393 2804 624 2892 411),
679 2818 896 2869 tanto
928 2802 1222 2869 facilius
1259 2801 1511 2871 facere
1551 2802 1846 2892 potuit,
1913 2821 2179 2890 quum,
2270 2797 2585 2888 direptis

395 2921 853 2993 Samnitium
885 2917 1167 2999 castris,
1202 2915 1529 2982 vestium
1555 2920 1768 3004 copia
1805 2937 1961 2983 non
2010 2917 2337 2988 defuisse
2373 2917 2585 2986 vide·-

397 3059 590 3117 atur.
697 3040 905 3110 Alios
947 3037 1154 3108 locos
1171 3033 1570 3106 Manutius
1595 3034 1949 3120 laudavit,
2005 3036 2138 3106 sed
2171 3035 2305 3126 qui
2336 3038 2585 3109 multo

401 3168 657 3237 minus
697 3163 856 3232 huc
907 3158 1328 3252 pertinent:
1399 3157 1751 3249 Xenoph.
1809 3154 2002 3230 Hist.
2056 3156 2294 3233 Groec.
2352 3173 2392 3238 1
2414 3204 2437 3246 ,
2513 3175 2582 3247 1,

402 3302 502 3370 24
535 3279 1124 3356 Lacedaemoniis
1155 3293 1233 3348 et
1249 3278 1730 3368 Syracusanis
1764 3276 1858 3346 ad
1884 3277 2242 3366 Cyzicum
2278 3277 2587 3352 devictis

402 3426 483 3481 et
513 3411 857 3478 omnium
883 3423 1139 3472 rerum
1172 3401 1434 3495 egenis
1464 3378 1553 3491 (ἓ
1587 3400 1723 3491 23>
1760 3403 2288 3475 Pharnabazus
2335 3399 2582 3492 ἱμάτιόὺ

403 3540 683 3607 τ’ἕδωκεν
716 3532 953 3618 ἑκάστῳ
981 3535 1090 3598 καὶ
1116 3525 1360 3615 ἐφόδιον
1404 3530 1581 3593 δυοῖν
1608 3535 1843 3613 μηνοῖν.
1949 3526 2113 3596 Liv.
2153 3532 2243 3614 9,
2295 3522 2370 3610 6,
2424 3520 2471 3597 6
2503 3527 2586 3586 Εὖ

403 3651 652 3722 Valet.
691 3648 890 3718 Max.
924 3652 1013 3735 5,
1071 3657 1155 3730 1,
1210 3654 1356 3709 ext.
1390 3647 1435 3719 5
1458 3686 1481 3726 ,
1536 3662 1772 3731 quum
1810 3646 2141 3716 Romani
2178 3644 2271 3715 ad
2302 3644 2587 3714 Furcu-

406 3759 520 3858 las
575 3767 952 3844 Caudinas
994 3786 1177 3836 cum
1220 3761 1537 3858 singulis
1594 3766 2061 3838 vestimentis
2124 3766 2267 3836 sub
2316 3764 2593 3858 iugum

431 3909 2579 3962 —--—-—-··-——--—.--——'-—-——-———--—--·⁵-·---

524 4007 604 4076 ’7)
671 4005 757 4058 De
790 4001 1130 4072 duplicariis
1157 4002 1312 4070 (nam
1349 3999 1426 4054 ita
1450 3999 1809 4069 dicebantur,
1857 4000 2061 4073 quibus
2083 3999 2159 4055 ob
2187 3999 2455 4054 virtutem
2482 3998 2596 4051 du-

678 4092 844 4168 plicia
879 4091 1089 4145 cibaria
1139 4090 1446 4160 dabantur)
1484 4090 1596 4146 vid.
1633 4092 1781 4165 Lips.
1818 4091 1855 4146 Ι.
1881 4111 1929 4146 c.
1953 4107 2011 4166 p.
2036 4097 2157 4163 353,
2196 4089 2490 4149 Drakenb.
2519 4084 2592 4136 ad

666 4183 803 4238 .Liv
827 4192 877 4253 2,
910 4185 994 4252 59,
1024 4193 1091 4248 11
1124 4182 1256 4239 coll
1284 4189 1374 4254 23,
1403 4190 1491 4256 20,
1516 4191 1578 4257 2,
1613 4190 1698 4252 24,
1728 4190 1921 4253 47.11.
