2859 4700
1480 191 1601 282 10

443 419 776 504 poterat3
814 374 821 385 ’
854 400 1264 473 ostendunt
1328 403 1483 475 hoc
1549 402 1996 496 antiquioris
2055 393 2618 502 orthographiae

375 530 381 537 ’
442 529 788 624 vestigia:
861 524 971 597 ita
1020 526 1485 598 accusativos
1536 526 1618 597 in
1677 516 1748 598 is
1797 540 2082 615 servat,
2152 529 2622 619 ubicumque

442 640 543 723 de
589 651 737 723 loci
785 649 1410 743 interpretatione
1462 648 1846 720 dubitasse
1889 642 2232 734 videtur,
2301 651 2625 747 genitivi

438 772 1031 861 vocabulorum,
1101 793 1273 862 quea
1314 774 1421 844 in·
1453 773 1578 845 ius
1617 787 1940 861 exeunt,
1997 772 2325 865 simplici
2365 774 2400 843 i
2443 773 2625 846 scri-

438 892 728 968 buntur
771 894 856 966 in
884 894 1322 966 nominibus
1360 890 1748 989 proprii-8,
1776 893 1862 966 in
1906 895 2069 966 aliis
2102 895 2414 992 vulgare
2441 896 2623 968 scri·

314 1028 319 1033 “
437 1017 673 1090 bandi
726 1038 969 1114 genus
1014 1017 1453 1088 restitutum
1512 1034 1629 1090 est
1646 1011 1771 1090 12).
1926 1017 2288 1103 Codicem
2334 1033 2619 1109 autem,

432 1141 575 1231 qui
618 1138 712 1210 ad
750 1137 1163 1234 legendum
1195 1138 1514 1215 minime
1549 1140 1879 1213 difficilis
1916 1153 2050 1228 est,
2092 1134 2176 1210 i'n
2209 1139 2460 1211 Gallia
2496 1138 2623 1210 de-

422 1260 803 1354 ‘scriptum
832 1262 1090 1350 fuisse,
1143 1261 1324 1334 inde
1355 1248 1699 1336 constare
1744 1263 2068 1351 videtur,
2124 1261 2326 1355 quod
2352 1262 2625 1354 longua

434 1395 518 1453 et
546 1382 925 1456 eiusmodi
950 1384 1097 1457 alia
1132 1383 1401 1479 saepius
1429 1389 1933 1480 reperiuntur.
2054 1385 2277 1458 Idem
2303 1385 2621 1478 probare

435 1503 794 1577 videntur
822 1516 1274 1600 argumenta
1294 1552 1316 1592 ,
1368 1530 1540 1597 quse
1575 1511 1845 1591 eadem
1874 1530 2109 1577 manu
2135 1506 2468 1600 margini
2495 1504 2622 1579 ad·

432 1628 710 1718 scripta
742 1632 955 1693 sunt:
1006 1625 1117 1695 sic
1146 1624 1244 1693 ad
1277 1629 1356 1697 B.
1397 1626 1490 1692 G.
1517 1638 1615 1716 -1,
1674 1640 1810 1714 12,
1854 1642 1893 1706 1
1921 1622 2219 1721 flumen
2247 1639 2359 1695 est
2393 1630 2618 1714 Arar,
2669 1609 2679 1613 “

362 1752 367 1758 ’
432 1767 697 1843 margo
727 1743 968 1815 habet
992 1746 1295 1816 Flumen
1319 1745 1595 1830 Saone;
1649 1754 1740 1832 7,
1796 1749 1922 1833 63,
1974 1756 2023 1826 8
2055 1740 2151 1816 ad
2192 1748 2619 1841 marginem

425 1867 715 1966 legitur
756 1868 1128 1941 Penitudo
1172 1868 1595 1941 heduorum.
1695 1860 2136 1939 -Librarium
2183 1882 2441 1936 autem
2475 1866 2619 1939 ‘ad—

431 1976 753 2063 modum
802 1989 1194 2062 indoctum
1250 1989 1564 2078 fuisse„
1611 2012 1707 2060 ex
1741 1981 2016 2058 'multis
2046 1987 2231 2061 locis
2280 2001 2611 2081 apparet,

430 2114 572 2186 ubi
604 2116 993 2185 notissima
1025 2110 1393 2186 vocabula
1445 2112 1644 2183 male
1680 2111 2329 2198 divellunturssic
2359 2121 2454 2203 8,
2488 2110 2612 2195 36,

439 2250 483 2316 1
519 2236 865 2308 excedere
884 2230 1165 2329 fussere
1197 2235 1493 2327 scripsit
1518 2259 1658 2328 pro
1683 2234 1782 2307 ‘ex
1806 2237 1999 2307 coede
2018 2231 2447 2329 refugere„
2487 2254 2619 2302 sae-

431 2351 739 2452 pissime
779 2359 1057 2449 aliquid
1110 2358 1406 2445 omisit,
1499 2360 1825 2441 maxime
1872 2358 2003 2428 ubi
2043 2359 2247 2429 idem
2295 2354 2620 2427 vocabu·

432 2479 594 2549 lum
631 2480 829 2550 intra
862 2475 1087 2550 breve
1125 2479 1462 2573 spatium
1495 2480 1906 2572 repetitur,
1971 2479 2101 2550 sed
2138 2499 2305 2570 quae
2344 2478 2619 2548 omissa

432 2617 657 2693 sunt,
703 2583 1159 2698 'plerumque
1206 2616 1342 2674 aut
1384 2625 1610 2698 supra
1633 2624 1941 2674 versum
1973 2617 2117 2673 aut
2145 2603 2230 2674 in
2275 2602 2618 2697 margine

432 2729 707 2818 partim
763 2727 1032 2797 eadem
1085 2728 1366 2819 partim
1412 2726 1555 2795 alia
1603 2735 1876 2816 manu,
1930 2749 2100 2819 quae
2150 2743 2414 2799 tamen
2465 2745 2622 2794 non

430 2845 728 2917 videtur
773 2846 1148 2918 recentior
1204 2866 1409 2928 esse,
1463 2844 1863 2917 adduntur.
1991 2847 2141 2914 Sed
2172 2846 2301 2916 hic
2350 2846 2616 2932 home,

432 2968 568 3059 qui
606 2950 947 3037 codicem
980 2965 1344 3049 correxit,
1368 3013 1375 3018 -
1401 2963 1709 3034 librario
1738 2985 1895 3033 non
1921 2961 2088 3032 fuit*
2112 2963 2435 3035 doctior:
2485 2965 2614 3054 sic,

310 3149 315 3156 .
426 3103 521 3161 ut
537 3111 690 3160 uno
712 3086 1058 3180 exemplo
1076 3100 1479 3159 contentus
1505 3085 1673 3176 sim,
1697 3085 2097 3177 saepissime
2115 3086 2208 3156 ab
2229 3097 2407 3153 ante
2439 3107 2615 3155 con-

424 3231 700 3283 sonam
753 3213 1117 3303 scriptum
1162 3211 1361 3300 fuit,
1429 3209 1565 3283 sed
1607 3210 1986 3303 plerisque
2033 3208 2220 3281 locis
2267 3206 2521 3278 littera
2566 3211 2614 3280 b

432 3344 641 3404 erasa
669 3347 823 3416 est,
877 3333 1027 3404 hoc
1058 3348 1320 3405 autem
1350 3356 1510 3405 non
1543 3334 1823 3406 codicis
1854 3333 2292 3403 auctoritate
2326 3331 2616 3402 factum

432 3478 636 3544 esse,
688 3456 1017 3527 ostendit
1062 3458 1145 3529 B.
1179 3456 1267 3533 G.
1305 3467 1402 3545 3,
1452 3466 1589 3552 14,
1642 3460 1728 3541 5,
1787 3455 1919 3523 ubi
1962 3455 2328 3545 scriptum
2380 3454 2528 3524 fuit
2572 3477 2615 3525 a

428 3580 740 3650 librario
784 3580 1154 3668 absimili,
1223 3580 1354 3652 sed
1386 3581 1431 3651 b
1475 3602 1521 3651 a
1563 3590 1978 3648 correctore
2032 3583 2240 3646 erasa
2274 3590 2411 3646 est.
2446 3578 2616 3649 Sed

436 3724 525 3773 ex
550 3702 714 3773 hac
768 3719 847 3774 et
893 3703 1181 3776 librarii
1226 3718 1307 3773 et
1354 3697 1787 3773 correctoris
1829 3699 2130 3771 inscitia
2184 3699 2417 3778 etiam
2467 3700 2615 3770 hoc

431 3829 647 3918 sequi
676 3827 1012 3914 videtur,
1065 3840 1422 3897 neutrum
1468 3824 1881 3918 quidquam
1923 3840 2057 3898 aut
2103 3838 2431 3893 mutasse
2482 3834 2615 3891 aut

434 3950 838 4038 addidisse,
895 3950 1094 4042 quod
1131 3950 1223 4020 ad
1258 3948 1683 4020 faciliorem
1743 3947 1892 4021 loci
1940 3945 2252 4017 alicuius
2318 3945 2614 4015 intelle·

543 4212 632 4280 12)
704 4211 823 4267 Csr.
849 4212 1027 4269 Kritz.
1051 4210 1123 4267 ad
1146 4209 1277 4268 Sall.
1311 4208 1472 4265 Catil·
1501 4220 1550 4278 1,
1577 4217 1627 4272 1·
1657 4206 1869 4282 (Lipsiae
1900 4207 2051 4271 1828,
2078 4206 2152 4277 8·)
